1982 3398
222 253 262 322 ¹4
451 247 659 306 Romam

213 370 314 446 smilis,
340 392 357 430 a
381 370 559 453 quibusdam
574 370 671 430 nautis
695 391 769 452 quos
789 371 909 434 adoles-

219 471 331 534 centuli
352 472 532 550 miserebat,
548 471 580 530 in'
599 471 737 532 eamdem
752 476 908 555 conjectus

215 583 281 638 est.
294 577 351 637 Vix
363 575 518 660 paululirm
527 598 544 636 a
552 571 621 636 navi
632 589 824 650 recesserant,
837 579 910 639 ciam

221 683 270 744 illa
292 695 360 743 aute
375 682 477 744 oculos
495 679 633 747 fluctibus
656 681 763 742 obruta
786 695 854 742 est:
877 665 911 744 ei

221 809 302 848 nunc
324 785 435 848 felicids
456 784 582 866 contigit
604 795 639 844 ut
658 795 816 866 tempestas
831 805 911 866 pau-

222 881 307 953 latim
329 891 501 970 sedaretur}
526 890 610 951 aliter
624 889 731 970 cymba
742 899 789 951 tot
807 889 912 952 homi·-

180 965 185 986 ¹
220 996 311 1058 nibus
327 1006 452 1055 onerata
465 993 528 1075 ipsa
553 991 673 1074 quiaque
693 991 832 1058 fluctibus
853 993 912 1054 ab·

224 1109 326 1180 sorpta
350 1096 461 1156 fuisset.
487 1098 623 1158 Tandem
638 1107 707 1180 post
718 1097 812 1158 multa
825 1099 910 1180 peri-

225 1199 302 1275 cula,
315 1199 451 1281 pervenit
462 1199 500 1260 ad
510 1221 618 1262 navem
629 1243 639 1274 ,
651 1201 683 1262 in
697 1221 788 1283 quam
800 1222 914 1264 omnes-

224 1305 339 1388 excepti
355 1316 435 1366 sunt.
655 1371 657 1378 ,

263 1408 353 1472 Navis
364 1409 592 1472 illaLondinum
603 1410 755 1471 tendehat.
768 1412 913 1491 Quatuor

225 1515 329 1598 elapsis
351 1513 454 1576 diebus
478 1515 516 1576 ad
531 1515 641 1578 ostium
668 1518 826 1578 Ttamesis
838 1539 912 1600 per..

224 1620 307 1681 venit
319 1665 329 1695 ‚
352 1620 455 1702 quinta
478 1619 551 1681 vard
581 1621 612 1682 in
643 1633 735 1703 portu
758 1621 828 1704 jecit
855 1644 912 1682 an-

225 1725 342 1788 choras.
353 1725 560 1807 Moxquisqna
574 1725 605 1790 in
619 1725 893 1788 terramdescendit
900 1771 910 1800 ,

223 1831 306 1896 lactus
316 1831 396 1916 qubd
410 1829 911 1914 ‘epericulaevasissetVixRebin-

224 1959 281 1998 son
294 1937 402 2020 pedem
415 1933 432 1998 ὲ
445 1956 519 1997 nave
534 1935 689 2008 extulerat,
698 1935 768 1996 edm
780 1956 851 1996 eum
862 1936 910 1998 in·

225 2041 311 2102 cessit
319 2041 430 2120 cupido
443 2040 568 2102 visendae
576 2041 727 2100 immensae
738 2039 819 2100 urbis
827 2043 911 2100 Lon·

226 2141 303 2203 diui.
320 2141 476 2225 Quidquid
493 2145 600 2206 eratin
614 2143 706 2204 oculis
723 2155 910 2225 spectantem

224 2247 268 2310 ita
286 2245 432 2322 detinuit,
465 2257 500 2306 ut
517 2247 658 2330 preteriti
683 2248 844 2309 immemor
870 2249 910 2309 de

223 2353 326 2414 utura
345 2351 468 2435 quidem
484 2353 607 2415 minime
627 2366 754 2420 curaret.
770 2355 910 2416 Tandem

224 2478 296 2518 enus
317 2476 388 2520 enm
411 2455 582 2519 stomachus
595 2459 753 2520 admonuit
771 2461 912 2520 Londini

223 2561 306 2627 haud
326 2561 409 2624 acts
430 2583 464 2624 ac
483 2561 552 2622 alibi
577 2567 725 2625 terrarum
742 2563 813 2626 cibis
830 2586 909 2649 opus

223 2682 297 2728 etse.
324 2663 428 2751 ltaque
451 2662 524 2729 adiit
543 2663 718 2748 praefectum
739 2665 802 2747 ejus
823 2664 906 2729 nevis
