1968 3378
204 194 249 258 86
447 196 652 256 Rosiuson.

250 323 406 381 Robinson
423 341 459 380 ex
478 321 585 380 arbore
603 320 633 404 in
647 339 738 402 quam
750 314 903 402 perlege·

211 439 276 500 rat,
291 424 460 504 descendit5
475 425 528 484 sed
545 424 680 484 animum
691 443 768 482 curae
780 421 901 482 obruea

212 540 290 598 rant.
303 527 450 610 Spelunca
459 526 526 607 'quae
541 523 602 584 sola
615 525 675 585 huc
686 543 781 606 usque
792 534 900 584 tutum

213 631 270 712 ipsi
290 629 438 714 refugium
458 629 645 712 prebuerat,
665 627 764 688 diruta
776 625 904 710 panitiae

215 735 383 796 videbatur.
419 735 518 796 Lamo
556 730 656 790 fideles
695 729 903 812 carissimiqne

218 850 285 901 ante
300 838 391 922 ipsius
403 837 504 899 oculos
517 833 606 897 undis
623 831 780 906 abstracti,
797 832 905 893 omnia

218 962 316 1032 opera
328 940 461 1022 periere5
480 938 596 1022 periere
613 935 714 998 omnia
728 957 793 1018 qua
805 936 839 994 in
851 935 906 994 fu-

220 1053 324 1112 turum
337 1040 515 1112 moliebatur
529 1039 660 1102 consilia.
676 1037 764 1101 Mons
778 1037 907 1128 quidem

222 1141 356 1200 flammas
377 1159 516 1202 evomere
531 1142 675 1218 desierat,
691 1139 743 1201 sed
763 1160 799 1198 ex
817 1140 909 1199 hiatu

222 1243 324 1302 tardus
348 1243 448 1324 firman
474 1257 597 1328 aterque
625 1245 794 1318 oriebatur,
822 1245 909 1304 unde

223 1331 420 1425 metuendum
434 1359 549 1408 eratne
565 1343 628 1410 ille
633 1351 745 1408 neentis
758 1346 913 1426 ignivomi

227 1459 366 1556 naturam
385 1447 417 1511 in
437 1461 592 1560 posterum
611 1469 731 1532 quoque
752 1449 908 1509 retineret

266 1573 346 1634 Tum
367 1573 513 1634 anxietate
526 1585 557 1632 et
576 1593 685 1656 angore
697 1574 855 1634 exhaustus
869 1571 910 1633 ad
953 1567 959 1577 ’

228 1677 367 1738 arborem
381 1697 417 1738 ex
433 1680 492 1760 qud
506 1678 698 1740 descenderat
711 1697 740 1740 se
755 1676 911 1737 reclinavit

229 1781 356 1864 gemitus
376 1781 465 1842 edens
486 1782 684 1862 miserabiles5
707 1793 738 1842 et
757 1780 799 1840 sic
813 1778 912 1842 solatii

228 1904 332 1968 expers
350 1905 404 1968 per
420 1885 565 1966 reliquam
581 1897 702 1948 noctem
715 1885 869 1946 remansit.
954 1873 958 1880 ¹

269 1989 338 2048 Jam
348 1989 410 2048 dies
423 2010 518 2050 novus
532 1989 645 2062 oritur,
660 1989 710 2046 lux
720 1999 823 2046 autem
832 1989 912 2050 alma

231 2087 374 2146 miserum
387 2091 595 2148 Robinsonem
608 2088 639 2148 in
650 2089 757 2150 eodem
770 2100 851 2150 statu
864 2090 902 2149 de

232 2188 401 2268 prehendit.
430 2189 535 2269 Neque
562 2190 643 2252 enim
669 2213 790 2252 somnus
817 2192 913 2254 dulcis

214 2359 218 2366 ⁸
233 2286 334 2346 oculos
347 2289 410 2368 ejus
423 2288 567 2348 clauserat
575 2314 585 2368 5
600 2310 697 2372 neque
710 2291 845 2352 animum
858 2315 911 2352 su·

233 2384 330 2445 bierat
344 2386 400 2446 alia
414 2386 552 2471 cogitatio
571 2402 679 2471 praeter
697 2389 812 2450 tristem
832 2391 913 2455 illam

219 2469 479 2568 'luctuosamquee
502 2485 585 2564 Quid
610 2510 690 2548 nunc
712 2489 748 2549 de
769 2511 817 2549 me
839 2491 914 2552 fiet?

275 2585 410 2648 Tandem
421 2607 452 2650 se
463 2585 587 2670 corripit
599 2599 688 2671 atque
702 2590 863 2653 somnianti
875 2591 913 2654 si·
