1976 3366
270 246 275 258 ¹
305 230 517 298 Crusouus.
712 247 767 312 ¹79
806 259 832 306 χ

56 361 168 426 solent
186 360 225 421 ad
247 381 357 443 magua
375 361 511 444 pondera
529 361 757 444 promovenda,

58 467 213 546 cylindri
222 465 378 526 nimirum.

107 569 205 649 Quod
226 569 350 652 quidem
370 570 420 633 vix
443 571 597 630 Robinson
620 582 759 652 expertus

60 675 180 757 magnb
193 695 262 734 curn
274 673 372 735 lanitia
385 673 461 734 vidit
475 675 566 756 quim
580 673 663 736 facil'e
674 676 744 735 navi

59 751 311 861 promoveretur.
327 779 397 837 Post
410 776 536 835 biduum
550 779 625 835 mari
637 798 757 858 quoque

61 880 219 945 committi
232 880 352 962 potuit,
374 899 544 964 magnoque
566 901 635 938 cum
650 881 757 960 volup·

61 985 136 1046 tatis
152 1005 239 1044 sensu
252 995 379 1065 uterque
395 982 542 1066 comperit
555 984 636 1044 illam
650 983 688 1042 ad
701 1004 758 1043 na-

60 1091 234 1172 vigandum
247 1090 370 1171 pror-siis
386 1109 447 1150 esse
460 1090 614 1150 idoneam.

103 1191 176 1251 Jam
191 1191 265 1250 nihil
276 1188 425 1272 superfuit
435 1191 490 1252 nisi
507 1203 540 1250 ut
554 1213 619 1273 quae
632 1191 671 1251 ad
680 1184 757 1274 pru-²
807 1221 812 1230 ⁴

62 1293 263 1358 miscendum
276 1307 374 1356 essent
385 1297 547 1357 necessaria
558 1311 755 1380 pararentur,

65 1403 181 1465 scilicet
193 1413 226 1461 ut
239 1401 322 1462 navis
336 1413 382 1462 tot
394 1413 570 1462 oneraretur
582 1404 759 1464 commeati-

64 1507 124 1568 bus
157 1516 232 1586 quot
261 1504 405 1566 vehendis
433 1503 589 1564 sufficeret.
615 1507 758 1583 Qubnam

65 1605 142 1668 verb
155 1605 198 1667 illi
210 1605 335 1665 tendent
346 1601 360 1663 l
378 1603 537 1663 Vendredt'
545 1603 668 1685 optabat
683 1605 758 1664 utin

65 1711 199 1794 patriam
220 1709 350 1790 rediret3
367 1709 522 1768 Robinson
543 1717 643 1766 autem
664 1719 699 1765 ut
719 1705 758 1767 ad

68 1815 275 1880 continentem
288 1813 431 1874 Americae
443 1812 509 1875 vcla
524 1813 685 1884 darentur,
705 1811 758 1871 ubi

13 1953 22 1960 ·
68 1936 100 1977 se
110 1915 273 1998 Hispanos,
284 1913 414 1996 aliosque
424 1913 462 1973 ab
474 1915 596 1995 Europd
607 1913 758 1995 profectos

67 2019 266 2082 inventurum
280 2019 428 2100 sperabat.
448 2022 477 2079 V
477 2019 603 2078 eadredi
613 2016 686 2077 verb
701 2040 758 2101 pa-

68 2123 128 2185 tria
149 2121 269 2184 nonnisi
294 2115 424 2205 quatuor
447 2123 564 2185 circiter
583 2124 758 2185 milliaribus

70 2229 205 2300 aberat,
233 2239 313 2286 terra
339 2227 494 2290 continens
520 2229 680 2290 duodecim
706 2241 759 2290 aut

71 2325 255 2411 quindecim.
271 2329 363 2408 Quod
375 2329 399 2389 si
411 2329 494 2414 prilis
506 2330 544 2390 ad
559 2329 686 2410 insulam
697 2343 759 2392 ten·

72 2435 198 2504 derent,
219 2443 292 2494 tunc
313 2455 330 2493 a
347 2435 511 2495 continenti
530 2435 610 2495 terri
622 2435 758 2518 pluribus

72 2539 170 2600 adhuc
192 2536 366 2598 milliaribus
380 2539 576 2614 recedebant,
591 2550 680 2624 atque
699 2539 759 2604 hoc

26 2675 33 2692 ι
70 2643 134 2727 ipso
146 2642 318 2728 periculum
329 2641 441 2707 itineris
453 2643 628 2726 augebatur.
