1968 3378
200 203 258 265 μα
343 203 346 211 “
438 181 643 251 Rosrrsorr

194 309 233 369 sit
256 304 533 376 vehementissimi,
563 305 610 364 cui
637 303 788 386 explendae
812 293 887 366 ciun

194 403 303 467 idonea
322 427 382 463 non
401 415 476 462 esset
489 424 565 482 aqua
578 402 737 483 putredine
752 424 887 485 corrup·

196 526 241 588 ta,
269 506 437 592 opportunis,
460 507 610 565 malorum
634 505 794 566 citreorum
816 527 886 565 me-

195 615 294 688 minit.
311 612 392 672 Adeo
407 611 477 672 verb
491 611 625 670 infirmus
640 622 721 683 erat,
738 621 771 669 ut
785 632 885 670 unum

195 715 283 782 labris
298 712 373 792 aegre
383 712 554 772 admoveret
562 733 571 789 3
587 711 669 790 cujus
681 703 778 768 tamea
791 731 884 776 succo

195 812 312 894 egregie
327 812 469 892 refectus,
483 809 590 872 sudore
602 807 744 868 continui)
756 808 884 869 effluen-

194 929 245 990 te,
266 915 344 975 dulci
366 935 471 974 somno
495 913 606 994 sopitus
625 924 655 971 et
677 912 797 972 nonnisi
816 913 885 974 sola

195 1020 309 1079 oriente
323 1029 511 1096 experrectus
526 1028 579 1078 est.

206 1142 319 1202 .Tunc
341 1141 413 1202 vero
436 1142 479 1202 vis
510 1142 608 1202 morbi
636 1139 759 1202 omnino
783 1143 883 1204 laxata

193 1257 274 1320 erat,
299 1266 395 1326 nsque
418 1256 525 1326 prater
545 1247 749 1306 infirmitatem
766 1247 881 1308 virium

191 1347 302 1429 aliquid
315 1349 385 1408 mali
396 1347 541 1430 superfuit
549 1372 559 1427 3
574 1349 675 1420 cibum
688 1369 805 1430 quoque
823 1370 881 1430 ap-

190 1465 292 1534 petere
312 1452 424 1534 coepit,
449 1452 633 1532 balbumque
654 1451 747 1512 solani
766 1452 878 1512 frixum

189 1553 337 1630 comedit,
359 1555 499 1618 instillato
522 1556 591 1616 mali
606 1577 693 1616 succo
713 1555 797 1616 citrei
815 1577 892 1636 quo·
982 1567 983 1572 ’

97 1653 101 1660 ’
187 1681 326 1742 saporem
341 1661 402 1741 ejus
416 1659 626 1742 jucundiorem
641 1659 769 1722 efficeret
783 1671 813 1720 et
825 1683 878 1742 pa·

187 1760 249 1825 lato
263 1762 463 1843 refrigerando
478 1761 634 1842 aptiorem.

227 1863 391 1928 Lamarum
413 1887 558 1939 snorum,
584 1863 717 1944 quandiu
740 1845 880 1948 jacuerat

186 1980 360 2047 aegrotans,
400 1990 504 2046 coram
530 1966 648 2050 penitis
682 1969 873 2049 deposuerat.

186 2069 275 2130 Nunc
295 2081 396 2132 autem
417 2071 503 2130 valde
527 2083 694 2130 commotus
714 2084 779 2144 est,
802 2072 874 2132 etim

186 2193 238 2234 eos
258 2171 296 2234 ad
315 2171 406 2254 pedes
418 2193 485 2232 suos
500 2173 614 2234 videret
628 2176 778 2256 jacentes,
793 2198 874 2236 non-

186 2275 341 2356 nullosque
354 2276 445 2337 oculis
460 2277 491 2336 in
505 2299 535 2338 se
550 2279 666 2356 defixis,
679 2280 761 2361 quasi
772 2282 873 2361 ipsum

170 2383 403 2460 ,interrogarent
416 2402 490 2442 num
503 2381 607 2442 meliiis
622 2371 742 2442 valeret.
755 2383 810 2446 Est
823 2397 874 2443 art·

185 2496 247 2548 tem
268 2467 341 2543 ittu'd
361 2483 535 2547 animalium
560 2490 684 2567 genus&
704 2488 811 2562 natura
831 2490 872 2550 ita

185 2597 412 2674 comparatum,
427 2599 461 2648 ut
476 2589 659 2656 camelorum
673 2590 782 2667 instar,
799 2591 873 2674 ptu-
