<?xml version="1.0" encoding="UTF-8"?>
<!DOCTYPE html PUBLIC "-//W3C//DTD XHTML 1.0 Transitional//EN"
    "http://www.w3.org/TR/xhtml1/DTD/xhtml1-transitional.dtd">
<html xmlns="http://www.w3.org/1999/xhtml" xml:lang="en" lang="en">
 <head>
  <title>
</title>
<meta http-equiv="Content-Type" content="text/html;charset=utf-8" />
  <meta name='ocr-system' content='tesseract 3.04.00' />
  <meta name='ocr-capabilities' content='ocr_page ocr_carea ocr_par ocr_line ocrx_word'/>
</head>
<body>
  <div class='ocr_page' id='page_1' title='image "./robinsoncrusous00campgoog_0016.png"; bbox 0 0 1982 3398; ppageno 0'>
   <div class='ocr_carea' id='block_1_1' title="bbox 201 259 690 320">
    <p class='ocr_par' dir='ltr' id='par_1_1' title="bbox 201 259 690 320">
     <span class='ocr_line' id='line_1_1' title="bbox 201 259 690 320; baseline -0.004 -3"><span class='ocrx_word' id='word_1_1' title='bbox 201 279 236 317; x_wconf 82' lang='lat' dir='ltr'>ro</span> <span class='ocrx_word' id='word_1_2' title='bbox 438 259 641 320; x_wconf 74' lang='lat' dir='ltr'>Ronrmon</span> <span class='ocrx_word' id='word_1_3' title='bbox 688 311 690 315; x_wconf 89' lang='lat'><em>.</em></span> 
     </span>
    </p>
   </div>
   <div class='ocr_carea' id='block_1_2' title="bbox 195 361 982 472">
    <p class='ocr_par' dir='ltr' id='par_1_2' title="bbox 195 361 982 472">
     <span class='ocr_line' id='line_1_2' title="bbox 195 361 982 472; baseline 0.005 -25"><span class='ocrx_word' id='word_1_4' title='bbox 195 383 337 465; x_wconf 79' lang='lat' dir='ltr'>Quddam</span> <span class='ocrx_word' id='word_1_5' title='bbox 350 361 419 466; x_wconf 86' lang='lat' dir='ltr'>die,</span> <span class='ocrx_word' id='word_1_6' title='bbox 433 387 503 449; x_wconf 79' lang='lat' dir='ltr'>edm</span> <span class='ocrx_word' id='word_1_7' title='bbox 516 407 602 450; x_wconf 87' lang='lat' dir='ltr'>more</span> <span class='ocrx_word' id='word_1_8' title='bbox 610 409 665 450; x_wconf 87' lang='lat' dir='ltr'>suo</span> <span class='ocrx_word' id='word_1_9' title='bbox 679 400 794 471; x_wconf 82' lang='lat' dir='ltr'>praeter</span> <span class='ocrx_word' id='word_1_10' title='bbox 806 365 883 472; x_wconf 83' lang='lat' dir='ltr'>por-</span> <span class='ocrx_word' id='word_1_11' title='bbox 980 403 982 410; x_wconf 89' lang='lat'>&#39;</span> 
     </span>
    </p>
   </div>
   <div class='ocr_carea' id='block_1_3' title="bbox 97 488 908 572">
    <p class='ocr_par' dir='ltr' id='par_1_3' title="bbox 97 488 908 572">
     <span class='ocr_line' id='line_1_3' title="bbox 97 488 908 572; baseline 0.007 -29"><span class='ocrx_word' id='word_1_12' title='bbox 97 565 98 570; x_wconf 7' lang='grc' dir='ltr'>ἵ</span> <span class='ocrx_word' id='word_1_13' title='bbox 195 497 262 546; x_wconf 85' lang='lat' dir='ltr'>tum</span> <span class='ocrx_word' id='word_1_14' title='bbox 277 490 433 548; x_wconf 75' lang='lat' dir='ltr'>cursitaret</span> <span class='ocrx_word' id='word_1_15' title='bbox 444 535 453 565; x_wconf 90' lang='lat'>‚</span> <span class='ocrx_word' id='word_1_16' title='bbox 464 488 569 549; x_wconf 80' lang='lat' dir='ltr'>incidit</span> <span class='ocrx_word' id='word_1_17' title='bbox 580 488 614 548; x_wconf 86' lang='lat' dir='ltr'>in</span> <span class='ocrx_word' id='word_1_18' title='bbox 627 511 723 548; x_wconf 89' lang='lat' dir='ltr'>unum</span> <span class='ocrx_word' id='word_1_19' title='bbox 735 507 770 548; x_wconf 82' lang='lat' dir='ltr'>ex</span> <span class='ocrx_word' id='word_1_20' title='bbox 782 509 885 572; x_wconf 79' lang='lat' dir='ltr'>aequa-</span> <span class='ocrx_word' id='word_1_21' title='bbox 895 551 908 558; x_wconf 18' lang='grc' dir='ltr'>κ</span> 
     </span>
    </p>
   </div>
   <div class='ocr_carea' id='block_1_4' title="bbox 196 588 961 674">
    <p class='ocr_par' dir='ltr' id='par_1_4' title="bbox 196 588 961 674">
     <span class='ocr_line' id='line_1_4' title="bbox 196 588 961 674; baseline 0.012 -27"><span class='ocrx_word' id='word_1_22' title='bbox 196 588 292 663; x_wconf 86' lang='lat' dir='ltr'>libus,</span> <span class='ocrx_word' id='word_1_23' title='bbox 316 591 457 652; x_wconf 78' lang='lat' dir='ltr'>nauarchi</span> <span class='ocrx_word' id='word_1_24' title='bbox 478 591 634 673; x_wconf 83' lang='lat' dir='ltr'>cujusdam</span> <span class='ocrx_word' id='word_1_25' title='bbox 649 591 762 665; x_wconf 82' lang='lat' dir='ltr'>fitium,</span> <span class='ocrx_word' id='word_1_26' title='bbox 782 591 884 674; x_wconf 83' lang='lat' dir='ltr'>quiin</span> <span class='ocrx_word' id='word_1_27' title='bbox 959 625 961 632; x_wconf 94' lang='lat'>·</span> 
     </span>
    </p>
   </div>
   <div class='ocr_carea' id='block_1_5' title="bbox 195 683 881 779">
    <p class='ocr_par' dir='ltr' id='par_1_5' title="bbox 195 683 881 779">
     <span class='ocr_line' id='line_1_5' title="bbox 195 683 881 779; baseline 0.001 -26"><span class='ocrx_word' id='word_1_28' title='bbox 195 713 232 754; x_wconf 85' lang='lat' dir='ltr'>eo</span> <span class='ocrx_word' id='word_1_29' title='bbox 240 707 303 756; x_wconf 85' lang='lat' dir='ltr'>erat</span> <span class='ocrx_word' id='word_1_30' title='bbox 312 708 344 755; x_wconf 89' lang='lat' dir='ltr'>ut</span> <span class='ocrx_word' id='word_1_31' title='bbox 355 683 424 757; x_wconf 86' lang='lat' dir='ltr'>cuni</span> <span class='ocrx_word' id='word_1_32' title='bbox 434 697 706 779; x_wconf 82' lang='lat' dir='ltr'>patre&#39;Londt&#39;num</span> <span class='ocrx_word' id='word_1_33' title='bbox 715 695 881 777; x_wconf 76' lang='lat' dir='ltr'><strong>navigaret.</strong></span> 
     </span>
    </p>
   </div>
   <div class='ocr_carea' id='block_1_6' title="bbox 148 797 982 2726">
    <p class='ocr_par' dir='ltr' id='par_1_6' title="bbox 190 797 884 1816">
     <span class='ocr_line' id='line_1_6' title="bbox 234 797 883 883; baseline 0 -27"><span class='ocrx_word' id='word_1_34' title='bbox 234 799 433 881; x_wconf 68' lang='lat' dir='ltr'>Interrogavit</span> <span class='ocrx_word' id='word_1_35' title='bbox 455 819 525 858; x_wconf 88' lang='lat' dir='ltr'>eum</span> <span class='ocrx_word' id='word_1_36' title='bbox 544 797 651 883; x_wconf 82' lang='lat' dir='ltr'>sodalis</span> <span class='ocrx_word' id='word_1_37' title='bbox 665 819 704 857; x_wconf 86' lang='lat' dir='ltr'>an</span> <span class='ocrx_word' id='word_1_38' title='bbox 717 797 883 880; x_wconf 82' lang='lat' dir='ltr'>adjungere</span> 
     </span>
     <span class='ocr_line' id='line_1_7' title="bbox 194 900 883 973; baseline 0 -12"><span class='ocrx_word' id='word_1_39' title='bbox 194 920 226 961; x_wconf 72' lang='lat' dir='ltr'>se</span> <span class='ocrx_word' id='word_1_40' title='bbox 246 903 361 963; x_wconf 85' lang='lat' dir='ltr'>socium</span> <span class='ocrx_word' id='word_1_41' title='bbox 387 903 499 963; x_wconf 88' lang='lat' dir='ltr'>itineris</span> <span class='ocrx_word' id='word_1_42' title='bbox 526 903 626 962; x_wconf 68' lang='lat' dir='ltr'>vellet.</span> <span class='ocrx_word' id='word_1_43' title='bbox 645 901 795 960; x_wconf 67' lang='lat' dir='ltr'>&#39;libenter</span> <span class='ocrx_word' id='word_1_44' title='bbox 806 903 827 973; x_wconf 75' lang='grc'>,’</span> <span class='ocrx_word' id='word_1_45' title='bbox 840 900 883 961; x_wconf 84' lang='lat' dir='ltr'>ait</span> 
     </span>
     <span class='ocr_line' id='line_1_8' title="bbox 195 1001 882 1084; baseline -0.012 -16"><span class='ocrx_word' id='word_1_46' title='bbox 195 1001 798 1084; x_wconf 55' lang='lat' dir='ltr'>&amp;ascensionemautem-utparentesid</span> <span class='ocrx_word' id='word_1_47' title='bbox 807 1001 882 1061; x_wconf 83' lang='lat' dir='ltr'>mihi</span> 
     </span>
     <span class='ocr_line' id='line_1_9' title="bbox 193 1104 881 1187; baseline -0.01 -16"><span class='ocrx_word' id='word_1_48' title='bbox 193 1109 371 1171; x_wconf 79' lang='lat' dir='ltr'>concedant.</span> <span class='ocrx_word' id='word_1_49' title='bbox 403 1105 485 1164; x_wconf 88' lang='lat' dir='ltr'>Hui!</span> <span class='ocrx_word' id='word_1_50' title='bbox 515 1105 677 1187; x_wconf 80' lang='lat' dir='ltr'>respondet</span> <span class='ocrx_word' id='word_1_51' title='bbox 694 1105 788 1180; x_wconf 83' lang='lat' dir='ltr'>alter,</span> <span class='ocrx_word' id='word_1_52' title='bbox 817 1104 881 1165; x_wconf 81' lang='lat' dir='ltr'>sinc</span> 
     </span>
     <span class='ocr_line' id='line_1_10' title="bbox 190 1205 882 1293; baseline -0.012 -17"><span class='ocrx_word' id='word_1_53' title='bbox 190 1211 281 1276; x_wconf 80' lang='lat' dir='ltr'>venia</span> <span class='ocrx_word' id='word_1_54' title='bbox 298 1209 549 1293; x_wconf 81' lang='lat' dir='ltr'>proficiscendum</span> <span class='ocrx_word' id='word_1_55' title='bbox 570 1220 625 1270; x_wconf 87' lang='lat' dir='ltr'>est.</span> <span class='ocrx_word' id='word_1_56' title='bbox 641 1210 711 1270; x_wconf 85' lang='lat' dir='ltr'>Post</span> <span class='ocrx_word' id='word_1_57' title='bbox 725 1221 784 1269; x_wconf 86' lang='lat' dir='ltr'>tres</span> <span class='ocrx_word' id='word_1_58' title='bbox 805 1205 882 1268; x_wconf 84' lang='lat' dir='ltr'>heb·</span> 
     </span>
     <span class='ocr_line' id='line_1_11' title="bbox 192 1312 881 1378; baseline -0.003 0"><span class='ocrx_word' id='word_1_59' title='bbox 192 1316 336 1378; x_wconf 79' lang='lat' dir='ltr'><strong>demades</strong></span> <span class='ocrx_word' id='word_1_60' title='bbox 347 1316 472 1376; x_wconf 83' lang='lat' dir='ltr'>reduces</span> <span class='ocrx_word' id='word_1_61' title='bbox 483 1313 605 1378; x_wconf 82' lang='lat' dir='ltr'>erimns.</span> <span class='ocrx_word' id='word_1_62' title='bbox 620 1312 795 1374; x_wconf 85' lang='lat' dir='ltr'>Parentibus</span> <span class='ocrx_word' id='word_1_63' title='bbox 806 1313 881 1376; x_wconf 73' lang='lat' dir='ltr'>ver‘o</span> 
     </span>
     <span class='ocr_line' id='line_1_12' title="bbox 190 1417 880 1502; baseline -0.007 -18"><span class='ocrx_word' id='word_1_64' title='bbox 190 1420 393 1484; x_wconf 86' lang='lat' dir='ltr'>nuntiandum</span> <span class='ocrx_word' id='word_1_65' title='bbox 419 1419 543 1481; x_wconf 84' lang='lat' dir='ltr'>&#39;curabis</span> <span class='ocrx_word' id='word_1_66' title='bbox 568 1417 700 1502; x_wconf 68' lang='lat' dir='ltr'>quisnam</span> <span class='ocrx_word' id='word_1_67' title='bbox 728 1427 880 1479; x_wconf 78' lang='lat' dir='ltr'>terrarum</span> 
     </span>
     <span class='ocr_line' id='line_1_13' title="bbox 190 1521 880 1606; baseline -0.001 -22"><span class='ocrx_word' id='word_1_68' title='bbox 190 1523 376 1606; x_wconf 67' lang='lat' dir='ltr'>migraveris.</span> <span class='ocrx_word' id='word_1_69' title='bbox 406 1523 500 1584; x_wconf 86' lang='lat' dir='ltr'>Careo</span> <span class='ocrx_word' id='word_1_70' title='bbox 528 1534 629 1582; x_wconf 90' lang='lat' dir='ltr'>autem</span> <span class='ocrx_word' id='word_1_71' title='bbox 662 1521 808 1606; x_wconf 73' lang='lat' dir='ltr'>pecunid,</span> <span class='ocrx_word' id='word_1_72' title='bbox 829 1521 880 1584; x_wconf 84' lang='lat' dir='ltr'>ait</span> 
     </span>
     <span class='ocr_line' id='line_1_14' title="bbox 193 1623 884 1707; baseline -0.003 -19"><span class='ocrx_word' id='word_1_73' title='bbox 193 1631 351 1688; x_wconf 70' lang='lat' dir='ltr'>Cmsoe&#39;us.</span> <span class='ocrx_word' id='word_1_74' title='bbox 373 1626 455 1688; x_wconf 88' lang='lat' dir='ltr'>Nihil</span> <span class='ocrx_word' id='word_1_75' title='bbox 476 1627 586 1700; x_wconf 81' lang='lat' dir='ltr'>refert,</span> <span class='ocrx_word' id='word_1_76' title='bbox 606 1626 681 1688; x_wconf 84' lang='lat' dir='ltr'>alter</span> <span class='ocrx_word' id='word_1_77' title='bbox 695 1625 821 1707; x_wconf 84' lang='lat' dir='ltr'>excipit,</span> <span class='ocrx_word' id='word_1_78' title='bbox 844 1623 884 1686; x_wconf 56' lang='lat' dir='ltr'>sis</span> 
     </span>
     <span class='ocr_line' id='line_1_15' title="bbox 190 1729 729 1816; baseline -0.006 -24"><span class='ocrx_word' id='word_1_79' title='bbox 190 1732 314 1816; x_wconf 87' lang='lat' dir='ltr'>quidem</span> <span class='ocrx_word' id='word_1_80' title='bbox 326 1733 385 1794; x_wconf 93' lang='lat' dir='ltr'>hoc</span> <span class='ocrx_word' id='word_1_81' title='bbox 396 1731 451 1792; x_wconf 91' lang='lat' dir='ltr'>tibi</span> <span class='ocrx_word' id='word_1_82' title='bbox 463 1731 612 1793; x_wconf 76' lang='lat' dir='ltr'>constabit</span> <span class='ocrx_word' id='word_1_83' title='bbox 627 1729 729 1813; x_wconf 75' lang='lat' dir='ltr'>gratis.</span> 
     </span>
    </p>

    <p class='ocr_par' dir='ltr' id='par_1_7' title="bbox 148 1828 982 2726">
     <span class='ocr_line' id='line_1_16' title="bbox 229 1828 933 1916; baseline -0.006 -21"><span class='ocrx_word' id='word_1_84' title='bbox 229 1839 386 1896; x_wconf 84' lang='lat' dir='ltr'>Robinson</span> <span class='ocrx_word' id='word_1_85' title='bbox 414 1845 516 1897; x_wconf 87' lang='lat' dir='ltr'>noster</span> <span class='ocrx_word' id='word_1_86' title='bbox 534 1853 567 1893; x_wconf 87' lang='lat' dir='ltr'>re</span> <span class='ocrx_word' id='word_1_87' title='bbox 583 1831 741 1916; x_wconf 83' lang='lat' dir='ltr'>panluldm</span> <span class='ocrx_word' id='word_1_88' title='bbox 762 1828 877 1892; x_wconf 79' lang='lat' dir='ltr'>delibe-</span> <span class='ocrx_word' id='word_1_89' title='bbox 927 1857 933 1872; x_wconf 51' lang='lat'>⁸</span> 
     </span>
     <span class='ocr_line' id='line_1_17' title="bbox 189 1937 873 2020; baseline -0.006 -20"><span class='ocrx_word' id='word_1_90' title='bbox 189 1943 274 2018; x_wconf 69' lang='lat' dir='ltr'>md,</span> <span class='ocrx_word' id='word_1_91' title='bbox 294 1941 372 2002; x_wconf 90' lang='lat' dir='ltr'>illico</span> <span class='ocrx_word' id='word_1_92' title='bbox 392 1961 517 2000; x_wconf 79' lang='lat' dir='ltr'>manum</span> <span class='ocrx_word' id='word_1_93' title='bbox 532 1961 600 2000; x_wconf 85' lang='lat' dir='ltr'>curn</span> <span class='ocrx_word' id='word_1_94' title='bbox 619 1937 713 1998; x_wconf 87' lang='lat' dir='ltr'>altero</span> <span class='ocrx_word' id='word_1_95' title='bbox 729 1939 873 2020; x_wconf 82' lang='lat' dir='ltr'>jungens,</span> 
     </span>
     <span class='ocr_line' id='line_1_18' title="bbox 187 2029 982 2124; baseline -0.005 -20"><span class='ocrx_word' id='word_1_96' title='bbox 187 2045 291 2124; x_wconf 78' lang='lat' dir='ltr'>Euge,</span> <span class='ocrx_word' id='word_1_97' title='bbox 304 2067 323 2103; x_wconf 77' lang='grc' dir='ltr'>ο</span> <span class='ocrx_word' id='word_1_98' title='bbox 338 2045 434 2115; x_wconf 82' lang='lat' dir='ltr'>bone,</span> <span class='ocrx_word' id='word_1_99' title='bbox 447 2039 610 2104; x_wconf 80' lang='lat' dir='ltr'>exclamat!</span> <span class='ocrx_word' id='word_1_100' title='bbox 622 2040 674 2101; x_wconf 89' lang='lat' dir='ltr'>ibo</span> <span class='ocrx_word' id='word_1_101' title='bbox 690 2050 807 2114; x_wconf 83' lang='lat' dir='ltr'>tecum,</span> <span class='ocrx_word' id='word_1_102' title='bbox 821 2029 875 2100; x_wconf 83' lang='lat' dir='ltr'>sed</span> <span class='ocrx_word' id='word_1_103' title='bbox 980 2033 982 2076; x_wconf 68' lang='lat'><em>³</em></span> 
     </span>
     <span class='ocr_line' id='line_1_19' title="bbox 189 2139 875 2204; baseline -0.006 0"><span class='ocrx_word' id='word_1_104' title='bbox 189 2140 346 2204; x_wconf 84' lang='lat' dir='ltr'>confestim</span> <span class='ocrx_word' id='word_1_105' title='bbox 380 2161 488 2200; x_wconf 86' lang='lat' dir='ltr'>navem</span> <span class='ocrx_word' id='word_1_106' title='bbox 516 2141 763 2204; x_wconf 85' lang='lat' dir='ltr'>conscendamus.</span> <span class='ocrx_word' id='word_1_107' title='bbox 794 2139 875 2200; x_wconf 63' lang='lat' dir='ltr'>Tum,</span> 
     </span>
     <span class='ocr_line' id='line_1_20' title="bbox 186 2241 872 2327; baseline -0.004 -20"><span class='ocrx_word' id='word_1_108' title='bbox 186 2243 313 2307; x_wconf 85' lang='lat' dir='ltr'>mandat</span> <span class='ocrx_word' id='word_1_109' title='bbox 329 2241 450 2308; x_wconf 86' lang='lat' dir='ltr'>cuidam</span> <span class='ocrx_word' id='word_1_110' title='bbox 471 2257 505 2304; x_wconf 89' lang='lat' dir='ltr'>ut</span> <span class='ocrx_word' id='word_1_111' title='bbox 523 2245 743 2327; x_wconf 85' lang='lat' dir='ltr'>horis-aliquot</span> <span class='ocrx_word' id='word_1_112' title='bbox 768 2243 872 2327; x_wconf 73' lang='lat' dir='ltr'>elapsis</span> 
     </span>
     <span class='ocr_line' id='line_1_21' title="bbox 148 2347 871 2434; baseline 0.001 -27"><span class='ocrx_word' id='word_1_113' title='bbox 148 2429 150 2434; x_wconf 28' lang='grc' dir='ltr'>Ι</span> <span class='ocrx_word' id='word_1_114' title='bbox 186 2359 307 2434; x_wconf 80' lang='lat' dir='ltr'>patrem</span> <span class='ocrx_word' id='word_1_115' title='bbox 325 2347 482 2407; x_wconf 82' lang='lat' dir='ltr'>conveniat</span> <span class='ocrx_word' id='word_1_116' title='bbox 496 2361 676 2429; x_wconf 89' lang='lat' dir='ltr'>moneatque</span> <span class='ocrx_word' id='word_1_117' title='bbox 699 2349 794 2408; x_wconf 84' lang='lat' dir='ltr'>filium</span> <span class='ocrx_word' id='word_1_118' title='bbox 808 2391 818 2420; x_wconf 89' lang='lat'><strong><em>‚</em></strong></span> <span class='ocrx_word' id='word_1_119' title='bbox 833 2347 871 2408; x_wconf 87' lang='lat' dir='ltr'>ad</span> 
     </span>
     <span class='ocr_line' id='line_1_22' title="bbox 186 2447 874 2533; baseline -0.006 -21"><span class='ocrx_word' id='word_1_120' title='bbox 186 2449 326 2533; x_wconf 78' lang='lat' dir='ltr'>Angliam</span> <span class='ocrx_word' id='word_1_121' title='bbox 339 2448 525 2509; x_wconf 80' lang='lat' dir='ltr'>invisendam</span> <span class='ocrx_word' id='word_1_122' title='bbox 537 2447 725 2530; x_wconf 82' lang='lat' dir='ltr'>profectum,</span> <span class='ocrx_word' id='word_1_123' title='bbox 740 2472 810 2510; x_wconf 87' lang='lat' dir='ltr'>mox</span> <span class='ocrx_word' id='word_1_124' title='bbox 824 2470 874 2508; x_wconf 87' lang='lat' dir='ltr'>re·</span> 
     </span>
     <span class='ocr_line' id='line_1_23' title="bbox 187 2551 872 2634; baseline 0 -20"><span class='ocrx_word' id='word_1_125' title='bbox 187 2553 323 2616; x_wconf 87' lang='lat' dir='ltr'>diturum</span> <span class='ocrx_word' id='word_1_126' title='bbox 335 2571 408 2613; x_wconf 85' lang='lat' dir='ltr'>esse.</span> <span class='ocrx_word' id='word_1_127' title='bbox 425 2551 542 2634; x_wconf 87' lang='lat' dir='ltr'>Quibus</span> <span class='ocrx_word' id='word_1_128' title='bbox 556 2551 705 2633; x_wconf 84' lang='lat' dir='ltr'>peractis„</span> <span class='ocrx_word' id='word_1_129' title='bbox 719 2554 808 2614; x_wconf 82' lang='lat' dir='ltr'>ambo</span> <span class='ocrx_word' id='word_1_130' title='bbox 818 2575 872 2614; x_wconf 83' lang='lat' dir='ltr'>so·</span> 
     </span>
     <span class='ocr_line' id='line_1_24' title="bbox 166 2655 725 2726; baseline 0 -10"><span class='ocrx_word' id='word_1_131' title='bbox 166 2657 395 2722; x_wconf 75' lang='lat' dir='ltr'>,daiesmvem</span> <span class='ocrx_word' id='word_1_132' title='bbox 415 2655 631 2720; x_wconf 77' lang='lat' dir='ltr'>conscendunt.</span> <span class='ocrx_word' id='word_1_133' title='bbox 679 2719 684 2726; x_wconf 72' lang='grc'>,</span> <span class='ocrx_word' id='word_1_134' title='bbox 721 2695 725 2702; x_wconf 85' lang='lat'>·</span> 
     </span>
    </p>
   </div>
   <div class='ocr_carea' id='block_1_7' title="bbox 0 0 996 3398">
    <p class='ocr_par' dir='ltr' id='par_1_8' title="bbox 0 0 996 3398">
     <span class='ocr_line' id='line_1_25' title="bbox 0 0 996 3398; baseline 0 1"><span class='ocrx_word' id='word_1_135' title='bbox 0 0 996 3398; x_wconf 95' lang='lat' dir='ltr'> </span> 
     </span>
    </p>
   </div>
  </div>
 </body>
</html>
