1982 3398
209 226 249 290 16
443 227 653 285 Rourusou

209 343 327 430 tendit,
347 350 409 412 eine
430 350 516 410 mord
529 348 728 428 conscende53
750 357 824 410 tunc
845 368 896 408 re-

207 471 310 514 uersus
331 450 368 514 'ed
391 463 459 512 tuos
471 449 587 532 peccati
599 448 719 512 veniam
738 448 788 532 pid
804 471 894 532 roga-

207 553 253 614 bis
274 599 283 628 ,
307 554 456 638 pollicitus
479 565 510 614 te
537 573 695 634 uunquam
719 552 826 634 posted
860 552 894 614 iu

208 658 297 720 simili
317 659 405 742 culpi
421 659 496 722 sore.
509 658 570 720 Sed
587 657 675 740 pinne
697 677 783 719 careo
796 677 893 738 pecu-

206 761 277 840 nit,
290 761 332 821 eit
345 764 512 822 Robinson.
527 760 573 820 Eu
588 765 718 841 qu'ntuor
731 761 890 838 gnineas,

207 864 323 947 excepit
342 876 444 940 nauta,
459 885 533 946 quus
545 883 601 944 ego
610 860 663 922 tibi
674 859 891 930 commodabo,

207 963 276 1026 licei
311 965 374 1045 ipse
404 985 510 1044 parvo·
532 963 615 1044 quod
637 961 720 1020 mihi
756 973 894 1044 superest

205 1066 284 1149 tegre
302 1086 430 1128 ceream.
444 1065 498 1124 His
511 1077 545 1124 tu
565 1065 685 1147 adjutus
704 1065 743 1124 ad
765 1076 892 1147 portum

205 1181 237 1230 te
256 1167 383 1250 conser3
399 1167 437 1229 sit
456 1167 538 1226 Deus
554 1166 609 1227 tibi
623 1165 717 1248 magis
741 1165 893 1248 propitius

94 1283 98 1293 ⁴
205 1272 344 1334 redeunti
365 1271 457 1356 quim
470 1270 567 1332 nohis
589 1269 646 1331 fuit
668 1269 890 1352 navigmtibus.

203 1377 259 1438 His
284 1377 392 1450 dictis,
427 1397 553 1436 manum
592 1375 737 1454 benevole
767 1375 891 1456 junxit,

206 1491 297 1562 etque
311 1479 445 1544 faustum
455 1477 514 1538 iter
525 1476 582 1561 ipsi
590 1489 729 1562 precatus
742 1490 797 1540 est.
806 1479 892 1542 Abiit

203 1587 381 1646 Robinson.

242 1711 325 1773 Dirm
358 1711 407 1772 ille
447 1724 573 1796 portum
612 1723 729 1795 peteret
753 1758 775 1788 ,,
805 1715 891 1777 varia

201 1840 305 1882 recum
336 1820 367 1881 in
401 1819 502 1880 auimo
535 1817 686 1880 volvebat.
720 1819 890 1898 Quomudb

201 1926 262 1984 mei
282 1925 424 1986 reducem
441 1944 490 1984 me
503 1922 650 2005 excipient
662 1921 676 1982 2
690 1921 893 2005 castigabunt

203 2027 408 2108 ennipropter
419 2029 477 2087 tale
491 2027 642 2087 delictum.
657 2023 780 2087 Sodnles
793 2025 888 2101 verb,

200 2141 231 2190 et
258 2140 321 2191 tam
343 2130 430 2193 multi
457 2131 506 2190 alii
532 2149 582 2188 me
611 2128 780 2190 irridebunt
803 2129 900 2212 quiid

199 2245 263 2297 tem
295 2231 354 2293 citii
389 2233 540 2292 redierim.
575 2231 632 2293 Sict
659 2231 712 2293 dit
745 2233 888 2295 dubitans

122 2319 124 2325 ’
198 2333 344 2417 quidnam
356 2333 471 2395 consilii
485 2317 621 2416 caperet,
634 2334 672 2393 nd
683 2345 807 2416 portum
821 2355 892 2419 per·

196 2439 242 2521 git
248 2462 259 2518 3
269 2437 366 2498 sedibi
375 2437 479 2513 audiit,
493 2439 610 2498 summd
622 2439 746 2521 quidem
756 2461 828 2502 cum
835 2463 891 2502 vo·

194 2543 332 2626 luptete‚
346 2543 461 2604 nullum
475 2543 576 2627 adesse
589 2563 696 2605 navem
706 2566 771 2626 quae
782 2550 889 2606 Hum-

194 2651 325 2729 burgnm
338 2648 485 2709 tenderet.
511 2649 573 2730 Qui
594 2657 696 2714 auten
716 2650 772 2714 htc
792 2650 831 2714 de
853 2672 888 2714 re
