1968 3378
311 196 526 256 Censorius.
725 195 779 258 155

82 325 190 386 sliam
212 339 261 379 eos
283 319 411 378 incolere
432 321 586 400 regionem
602 319 683 380 unde
702 341 783 380 non-

86 427 173 489 nulli
201 426 239 483 hc
269 423 393 484 veniunt
421 436 454 482 ut
474 425 610 484 victorias
633 425 782 486 atrocibus

89 526 198 609 epulis
214 523 446 596 concelebrent,
465 545 575 607 eosque
595 523 633 584 ad
655 545 721 585 eam
734 525 784 585 in·

92 630 171 694 snlae
187 639 379 710 partemque
399 628 492 708 vergit
506 629 543 688 ad
559 628 715 688 meridiem
728 650 785 710 ep-

92 733 240 816 pellere,
258 745 347 812 atque
370 732 441 791 inde
461 732 638 806 discedere,
673 734 785 792 caeteris

95 827 206 890 insulse
221 829 353 910 partibus
366 831 515 911 neglectis.
533 830 682 913 Singulari
695 831 787 911 igitur

97 956 141 994 ac
161 933 263 992 divino
281 956 421 1012 munere,
442 935 544 1016 egeln
563 937 639 999 hanc
654 919 788 997 xsterilio-

99 1056 173 1096 rem
194 1035 295 1096 insulae
312 1053 427 1118 partem
450 1038 621 1118 compulsus
643 1037 686 1096 fui
698 1081 707 1110 ,
728 1038 789 1097 hoc

101 1141 174 1222 ipso
190 1141 291 1200 tutior.
305 1139 382 1200 Tum
396 1142 496 1201 animo
511 1153 542 1222 et
555 1141 789 1202 viribussconlir-

102 1257 227 1317 matus,
243 1231 367 1306 domum
381 1265 412 1303 se
426 1247 571 1318 contulit,
587 1261 619 1308 ut
633 1269 711 1311 nova
725 1265 789 1330 quen
852 1247 854 1250 ’

103 1347 216 1408 inierat
230 1348 349 1410 consilia
363 1365 600 1431 persequeretur.

108 1499 112 1508 ,
149 1452 264 1512 Placuit
277 1451 355 1510 inter
373 1462 475 1512 caetera
497 1453 630 1533 plantare
644 1475 705 1512 non
720 1475 792 1534 pro-

109 1555 161 1616 cul
173 1554 210 1612 ab
222 1555 346 1614 arboreo
361 1577 419 1636 quo
429 1556 631 1616 habitaculum
645 1557 795 1618 munierat

110 1668 199 1738 septo
222 1677 326 1716 nemus
344 1657 384 1716 ita
399 1656 526 1714 densum
543 1668 575 1714 ut
590 1654 673 1714 sedes
690 1677 707 1712 a
727 1655 797 1713 lon-'

15 1836 20 1843 Ι
111 1758 227 1838 'ginquo
246 1756 376 1836 conspici
398 1777 463 1815 nou
480 1766 589 1837 posset.
613 1755 675 1812 Hac
694 1765 797 1812 mente

113 1861 177 1920 duo
198 1860 315 1920 circiter
340 1859 430 1920 millia
458 1861 520 1942 ejus
546 1859 661 1939 generis
675 1858 798 1922 salicum

113 1964 262 2048 plantavit
281 1985 352 2044 quas
376 1965 436 2046 jam
464 1961 548 2032 facile
576 1962 686 2021 radices
709 1950 798 2044 agere

113 2073 208 2148 ffatque
222 2065 303 2126 brevi
314 2087 445 2128 crescere
459 2063 719 2139 animadverterat.
738 2065 800 2132 Sed

115 2167 246 2231 niaxim'e
254 2167 420 2231 cavendum
429 2167 570 2249 judicavit
582 2189 620 2226 ne
631 2187 678 2228 eas
693 2167 800 2228 ordine

117 2275 219 2353 aliquo
244 2271 433 2354 disponeret,
455 2285 488 2330 ut
501 2273 612 2354 sylvula
627 2273 732 2332 naturd
747 2273 803 2356 po·

118 2377 179 2440 tiles
208 2375 297 2458 quim
321 2389 383 2436 arte
408 2375 521 2444 consita
541 2376 704 2438 videretur.
721 2379 801 2437 Tum

120 2481 226 2544 statuit
237 2481 315 2542 viam
330 2481 553 2543 subterraneam
566 2505 620 2564 per
632 2482 802 2543 cuniculum

122 2607 232 2670 egere,
248 2587 286 2646 ab
299 2589 359 2649 im&
371 2587 511 2668 speluncis
526 2588 564 2648 ad
577 2590 702 2648 alterum
717 2605 804 2645 mori·
