1982 3398
222 335 264 402 ⁶3
464 296 682 408 Romusost·

223 467 268 526 Ibi
288 467 361 528 verb
373 491 430 552 pro
444 469 569 543 ostreis,
585 487 713 549 quarum
737 467 813 526 mira
826 489 909 551 pau-

223 565 295 626 citas
310 580 383 641 erat‚
397 567 478 627 aliud
488 567 620 627 alimenti
631 587 723 648 genus
735 569 913 626 Robinson!

225 670 350 751 contigit
375 670 531 746 invenire,
561 669 645 752 quod
673 669 753 730 certe
779 669 907 728 utilitate

224 781 335 833 ostreas
355 774 509 854 vinceret3
524 771 633 832 animal
647 773 695 834 cui
715 772 828 833 tectum
841 772 910 855 ipsa

224 878 395 958 composuit
406 890 513 936 natura
530 921 537 950 ‚
552 876 634 960 quod
646 897 746 937 secum
757 875 910 957 quiscum-

224 1001 281 1060 que
296 980 413 1038 libuerit
423 991 533 1061 gestat,
549 980 730 1042 testudinem
740 978 906 1053 nimiriim,

222 1085 364 1163 tantique
383 1069 464 1142 iliam
475 1085 679 1166 magnitudine
689 1087 801 1174 ¹quenti
814 1085 845 1143 in
859 1085 907 1144 his
933 1139 935 1144 .

223 1182 393 1264 regionibus
413 1187 481 1246 rari)
495 1187 650 1269 reperiunt
662 1211 672 1268 5
690 1187 801 1270 quippe
814 1186 909 1250 libra·

222 1312 291 1349 rum
311 1289 372 1348 fere
394 1289 610 1372 quinquaginta
621 1291 739 1372 pondus
756 1292 905 1372 aquabat.

262 1391 909 1476 SaepieRobinsonaudieratcernemtestudi-

220 1495 265 1554 nis
275 1495 438 1576 jucundam
452 1513 514 1555 esse
528 1493 724 1576 eamdemque
740 1495 904 1555 salubrem.

222 1599 356 1661 Praedam
366 1601 457 1684 igitur
465 1599 596 1659 humeris
609 1600 779 1682 impositam
789 1603 906 1659 Robin-

221 1727 276 1765 son
285 1705 364 1764 lente
372 1705 497 1764 domum
507 1701 736 1784 deportat.Tum
745 1703 840 1764 securi
851 1708 907 1766 sud

218 1807 905 1894 inferiorempartemconchaepcrcutitrepetito

219 1913 292 1987 ictu,
303 1913 398 1974 donec
405 1913 592 1996 frangeretur
597 1938 607 1995 3
615 1911 690 1972 etsie
697 1909 845 1973 testudine
851 1936 907 1995 po-

220 2018 311 2090 titus,
326 2019 459 2099 opimam
471 2021 534 2100 ejus
554 2033 695 2107 partem
684 2019 838 2080 assandam
856 2040 907 2078 rev

220 2119 324 2180 secuit.
339 2120 599 2196 Quamcinnveru
612 2123 758 2195 affixisset,
773 2136 807 2182 ut
818 2144 905 2206 mag

218 2240 290 2280 nam
307 2219 418 2278 famem
438 2221 602 2284 laborando
621 2205 830 2298 emitterent,
854 2226 905 2286 vix

220 2335 375 2402 expectare
396 2325 496 2405 potuit
518 2305 614 2385 donec
635 2339 711 2389 esset
734 2328 790 2390 rite
804 2341 903 2391 cocta.

258 2421 384 2483 Interim
420 2423 495 2484 dum
520 2426 604 2486 sedet
631 2450 727 2490 assam
760 2450 902 2508 versans¹

219 2545 320 2586 aecum
332 2537 451 2608 reputat
472 2527 544 2610 quid
565 2505 602 2588 de
626 2530 740 2612 reliqui
753 2527 903 2593 testudine

218 2625 257 2685 sit
269 2623 458 2700 faciendum,
473 2647 511 2686 ne
524 2627 683 2710 putredine
696 2650 906 2712 corrumpere·

220 2739 280 2790 tur.
304 2729 352 2793 Ad
377 2729 459 2796 illam
482 2729 562 2796 euim
581 2730 680 2797 munt
700 2733 905 2842 condiendam
