1976 3366
224 218 282 302 178
461 213 667 300 Reuruson

225 349 394 414 Robinson
407 343 486 404 solus
503 341 687 403 confecisset.
707 341 779 414 lam
800 355 921 424 praeter

222 449 289 506 vela
308 464 465 526 remosque
488 443 561 502 nihil
576 433 680 502 desuiti
702 441 767 501 Hos
785 442 921 522 quidem

224 551 401 625 Robinson,
414 548 463 608 illa
474 546 546 610 verli
561 546 720 606 Vendrede'
728 559 918 628 paraturum

209 651 404 733 respondet.

263 753 361 812 Ambo
369 753 455 812 simul
465 772 539 832 opus
553 759 723 830 susceptum
731 747 917 829 absolverej

224 857 276 918 sed
295 858 440 917 instructi
453 856 520 916 navi
528 899 536 930 ,
552 855 625 914 nihil
645 853 793 934 superfuit
804 854 868 915 uisi
882 868 917 914 ut

223 959 286 1020 lraec
299 981 316 1018 a
329 958 429 1018 littore
444 957 475 1016 in
489 977 571 1016 rnure
586 955 805 1016 demitteretur.
821 958 916 1035 Quo-

221 1063 303 1124 niam
316 1061 388 1120 veri>
402 1061 483 1122 locus
499 1061 602 1140 inquo
618 1079 724 1118 navem
738 1059 912 1122 fabricave-

222 1173 292 1223 rant
304 1159 392 1242 longe
408 1183 423 1220 a
440 1161 514 1218 muri
527 1159 674 1233 distabat,
691 1160 837 1234 nonsatis
852 1183 913 1244 pa-

222 1261 305 1321 tebat
325 1261 385 1340 quil
404 1261 543 1332 ratione,
565 1273 600 1322 ut
625 1273 688 1320 erat
709 1260 913 1341 gravissima,

195 1443 199 1448 Ι
222 1365 262 1426 ed
275 1386 356 1424 mare
369 1377 421 1425 eut
436 1365 653 1443 deduceretur,
665 1377 715 1424 aut
729 1365 910 1447 deportare-

221 1484 291 1546 tur,
307 1482 359 1530 aut
370 1469 558 1542 traheretur,
575 1482 627 1530 aut
641 1471 768 1550 denique
782 1471 908 1551 provol-

220 1587 350 1640 veretur.
374 1577 412 1636 Et
431 1599 511 1636 nunc
531 1595 567 1632 ex
585 1573 640 1634 illis
662 1573 905 1648 difficultatibus,

221 1683 376 1764 quomodo
391 1702 421 1748 se
434 1679 592 1761 expedient
604 1679 618 1740 l

260 1786 363 1868 Neque
383 1783 455 1845 ¹veri)
473 1787 624 1848 Robinson
644 1786 752 1846 oblitus
769 1799 835 1846 erat
846 1786 906 1846 uti-

220 1887 309 1951 litatis
321 1913 412 1974 quam
425 1893 514 1974 longa
521 1891 634 1973 pertica
644 1892 700 1974 ipsi
714 1892 898 1974 prestiterat.

218 1991 322 2067 Quam
344 1994 465 2052 obrem
489 2015 569 2053 nunc
588 2014 709 2073 quoque
722 1987 803 2052 illam
816 1995 901 2054 adhi-

218 2093 295 2152 buit.
318 2095 377 2154 Sed
397 2097 479 2156 navis
498 2109 560 2156 tarn
572 2079 650 2156 lenti
665 2097 824 2178 provoluta
838 2110 897 2174 est,

200 2231 203 2238 ·
219 2209 253 2253 ut
274 2196 357 2256 facile
370 2198 569 2283 intelligerent
594 2223 624 2261 ee
645 2202 796 2283 integrum
814 2223 898 2262 men-

218 2292 332 2360 sem‘iu
352 2301 409 2364 lule
423 2306 514 2387 operd
533 2315 763 2386 consumpturos
785 2326 855 2365 esee.

257 2404 391 2464 Tandem
405 2408 575 2491 opportune
587 2410 759 2470 recordatus
770 2421 814 2469 est
825 2410 893 2470 elius

217 2510 407 2568 instrumenti
429 2511 512 2593 aeque
525 2512 665 2594 simplicis
681 2511 893 2596 parabilisque,

217 2637 277 2700 quo
298 2615 375 2679 fabri
392 2614 509 2700 lignarii
531 2617 638 2700 aliique
659 2617 691 2678 iu
713 2617 834 2700 Europd
853 2616 895 2676 uti
968 2651 970 2658 ν
