1982 3398
205 275 246 355 '24
453 271 653 338 Roseusort

206 423 259 467 nes
281 416 380 465 essent
401 403 542 466 vehendi.
568 407 687 490 Duplex
711 405 777 469 er'at
802 407 894 474 elsua
990 434 991 443 ¹

205 531 262 570 cur
281 508 321 568 ad
343 511 497 570 Guineam
517 531 580 571 non
606 510 799 572 ducerentur.
822 515 892 575 Pri·
985 569 988 578 .

205 612 257 689 suo
283 610 407 694 quidem
425 611 551 674 minime
570 635 647 696 opus
673 627 738 676 erat
764 615 893 700 longum

200 719 261 778 iter
281 718 312 778 in
341 740 408 779 eam
430 719 585 801 regionem
610 719 725 796 fauere,
749 721 824 782 nihil
846 719 891 786 ihi

201 823 315 904 negotii
323 822 515 886 habentibus.

241 925 305 988 Nec
327 925 435 988 deinde
456 939 539 990 tanta
552 929 656 990 aderat
669 930 700 990 in
714 953 792 994 nave
806 933 892 996 cibo-

202 1052 272 1090 rum
292 1031 379 1112 copia
389 1033 470 1094 unde
491 1046 537 1096 tot
547 1037 720 1120 navigantes
735 1038 767 1098 in
781 1039 890 1102 itinere
954 1088 958 1092 -

201 1133 390 1196 victitarent⁴¹

241 1238 396 1308 Praefectus
419 1242 542 1304 tandem
557 1247 678 1327 statuit,
692 1252 801 1314 omissi
813 1277 889 1336 pro-

200 1336 888 1430 pallulililate,centumetamplilsmilliaribus

201 1462 220 1500 a
233 1441 282 1500 vit
295 1445 375 1506 rectl
390 1444 567 1529 deflectere,
588 1472 699 1536 eosque
720 1457 752 1518 iu
771 1471 888 1518 terram

199 1553 315 1605 nouam
336 1557 541 1631 transportare
563 1552 615 1612 ubi
644 1555 782 1642 sperabat
800 1558 885 1634 foro,

199 1659 237 1708 ut
269 1669 331 1710 sese
365 1649 487 1712 offerret
514 1656 723 1738 opportunitas
749 1657 781 1717 iu
809 1659 886 1719 Gul-

198 1751 270 1816 liam
285 1774 355 1814 cum
367 1753 565 1837 piscatoribus
580 1757 739 1818 asellorum
751 1759 883 1820 redeuu-

196 1855 239 1916 di.
262 1857 308 1918 Εὸ
332 1857 424 1942 igitur
448 1880 569 1920 cursum
597 1858 725 1934 direxit,
753 1860 882 1946 cumque

198 1957 377 2032 advenisset,
391 1983 481 2023 naves
494 1961 612 2046 gallicas
627 1975 731 2026 nactus
753 1978 798 2026 est
810 1989 883 2048 quac

197 2060 321 2120 miseros
330 2079 517 2148 receperunt.
527 2066 581 2128 His
589 2069 716 2152 peractis
725 2069 781 2130 iter
793 2092 883 2144 suum

197 2155 237 2215 ad
252 2161 403 2218 Garineom
415 2153 658 2243 prosecutusest.

238 2283 318 2342 Tum
330 2285 411 2346 navis
424 2289 581 2352 celerrimo
590 2315 775 2381 cursuaquas
786 2311 877 2378 secat;

200 2386 262 2468 qul
274 2387 434 2471 navigandi
442 2393 599 2456 velocitate
609 2403 767 2464 Robinson
778 2418 881 2468 noster

199 2484 275 2548 mire
292 2486 453 2552 delectatus
467 2505 522 2554 est.
538 2495 797 2584 Postaliquotdies
812 2526 882 2568 cccc

195 2607 338 2671 maguam
358 2611 466 2654 navem
480 2597 691 2682 conspiciunt,
712 2604 751 2664 ad
767 2627 797 2664 se
811 2618 882 2666 tcu-

195 2689 329 2756 dentem·
345 2694 418 2758 Mox
436 2697 508 2763 verit
525 2703 651 2767 audiunt
671 2709 803 2769 sonitum
815 2723 881 2772 tor·

705 2828 878 2882 mentorum
