1962 3384
305 236 521 322 Cnusorus.
693 244 753 320 237

98 369 264 427 Robinson
282 365 374 426 haeret
392 365 482 425 etiam
504 365 634 439 dubius,
657 368 753 429 donec

48 473 161 534 choro
174 471 348 544 finiefieret.
371 470 450 530 Cium
465 471 537 530 vero
550 471 671 531 vidisset
682 473 754 532 bar·

48 574 155 634 Baros
171 573 281 633 iterum
294 572 448 633 considere
462 573 598 654 duosque
610 573 689 632 miui
700 576 752 654 qui

49 677 247 755 Europaeum
260 673 444 734 adducerent
457 674 651 735 mactandum
659 700 668 753 ;
683 686 751 736 tum

51 772 177 832 diutius
188 772 264 832 iram
278 772 418 832 cohibere
430 795 491 833 non
506 773 615 854 potuit.
632 771 751 834 Scilicet

50 875 199 960 praecipit
210 874 289 938 socio
301 895 375 938 voce
383 876 552 940 submissa:
574 887 608 934 tu
621 877 660 936 acl
674 877 749 937 dex-

51 989 144 1037 tram
162 1021 170 1050 ,
196 999 251 1059 ego
264 979 303 1038 ad
318 977 478 1038 sinistram.
500 979 581 1038 Deus
596 1001 650 1040 nos
663 981 750 1062 adju-

53 1090 114 1140 vet
128 1086 136 1138 2
156 1079 210 1140 His
222 1079 307 1140 dictis
320 1123 328 1152 ,
341 1079 506 1160 sclopctum
520 1080 584 1161 ipse
596 1080 748 1162 explodit,

54 1183 144 1271 idem
153 1181 223 1242 facit
233 1188 261 1243 V
261 1183 398 1260 eadredi,
405 1184 456 1264 qui
465 1183 569 1244 melius
580 1187 752 1246 Robinsonc

56 1285 283 1348 collineaverat.
294 1288 328 1346 In
338 1287 455 1348 sinistra
468 1288 547 1351 enim
560 1300 645 1370 Parte
660 1289 749 1369 quiu-

58 1410 123 1471 que
134 1437 144 1466 ‚
157 1390 188 1448 in
204 1389 308 1450 dextre
321 1403 380 1450 tres
405 1391 523 1452 tantum
540 1392 745 1473 prociderunt.

58 1492 107 1560 Ex
121 1491 227 1571 quibus
242 1504 333 1570 octo,
352 1504 411 1556 tres
425 1492 572 1552 interfecti
586 1537 596 1568 ‚
616 1492 748 1572 quinque

57 1596 211 1658 vulnerati
227 1598 319 1658 ruodo
335 1609 430 1658 erant.
445 1597 522 1656 Mira
535 1596 591 1654 fuit
599 1596 748 1656 festinatio

59 1703 124 1786 qua
144 1702 205 1782 jam
220 1722 322 1761 omnes
345 1701 396 1783 qui
417 1701 495 1762 illaesi
515 1699 634 1758 fuerant
646 1699 749 1780 sugam

57 1804 248 1886 corripuere.
269 1806 327 1865 Alii
349 1805 405 1864 alia
426 1805 455 1864 in
483 1805 549 1866 loca
565 1803 749 1884 aufugientes

59 1909 228 1968 immanem
236 1906 330 1966 edunt
338 1907 492 1986 ejulatum.
504 1908 659 1964 Robinson
668 1925 749 1964 nunc

60 2029 264 2096 prorumpere
285 2010 391 2092 gestit,
417 2022 452 2068 ut
479 2009 624 2092 fugientes
645 2029 748 2089 perse-

62 2127 176 2199 quatur
198 2115 400 2198 miserumque
420 2115 602 2196 Europaeum
623 2112 747 2173 vinculis

61 2215 171 2284 liberet
176 2237 186 2294 5
195 2215 246 2276 sed
255 2213 497 2296 obstupuitsau'e,
509 2212 577 2274 ciam
588 2214 748 2274 nonnullos

61 2317 243 2401 fugientium
256 2317 358 2378 rursus
372 2320 534 2380 coalescere
550 2331 622 2378 etse
640 2319 676 2378 ad
691 2319 746 2377 de-

62 2418 230 2481 fensionem
251 2440 356 2500 parare
378 2420 508 2479 vidisset.
530 2421 636 2501 Itaque·
656 2419 748 2500 quam

63 2517 218 2584 celerrime
229 2519 354 2578 alterum
364 2521 529 2602 sclopctum
543 2521 656 2603 arripit.
672 2523 747 2578 Item

69 2621 237 2693 Vendredi,
250 2621 397 2704 amboque
412 2645 499 2686 suum
512 2624 635 2705 quisquc
648 2618 747 2700 explo-
