1962 3384
209 279 269 343 25ss
450 279 661 338 Ronrnsorr

209 381 439 468 deprehendunt
454 382 529 442 adeb
545 395 662 443 aretum
684 395 718 443 nt
747 385 896 467 irrepere,

207 511 270 552 non
308 485 380 548 verb
414 487 531 568 ingredi
567 501 697 570 possent.
737 491 903 549 Robinson

208 592 323 653 socium
345 603 459 650 tentare
472 591 557 672 jussit
570 614 645 650 num
656 613 711 674 per
725 594 843 652 hiatum
859 595 902 653 is-

208 681 275 757 tuni
295 707 394 778 posset
411 716 441 755 se
453 694 625 755 immittere.
644 696 707 774 Qui
722 709 814 778 caput
826 718 900 758 oum

208 798 478 872 summovisset,
510 798 664 859 horrendo
688 801 819 859 clamore
846 823 901 860 re·
967 807 972 840 ³

209 903 321 977 traxit,
341 903 473 984 nihilque
496 905 684 962 Robinsonis
709 903 907 964 admonitio-¹

210 1027 283 1066 nem
315 1027 446 1082 curans,
483 1007 607 1068 amentis
641 1007 734 1065 instar
767 1005 896 1088 aufugit.

210 1110 346 1170 Tandem
361 1113 519 1171 Robinson
532 1133 601 1170 eum
616 1121 764 1172 assecutus
774 1131 898 1170 causam

210 1209 287 1290 fugae
306 1223 392 1290 rogat
408 1235 416 1270 s
430 1213 497 1272 Heu
511 1211 518 1272 l
533 1209 612 1290 heu!
636 1209 795 1292 respondet
813 1216 898 1270 Ven-

212 1315 301 1372 dredi
315 1358 323 1384 ,
338 1314 508 1394 fugiamus!
524 1329 694 1375 monstrum
707 1313 895 1374 horrendum

210 1418 270 1497 vidi
286 1463 293 1490 ,
309 1403 431 1499 ingens,
447 1417 620 1480 ardentibus
635 1417 746 1491 oeulis,
761 1416 894 1478 faucibus

103 1521 106 1527 ’
211 1523 300 1590 tantis
313 1520 347 1582 ut
356 1544 409 1584 nos
422 1523 511 1582 ambo
521 1523 607 1584 simul
619 1523 777 1600 absorbere
786 1523 893 1604 possit.

250 1649 369 1710 Ehem!
392 1652 547 1709 Robinson
565 1648 694 1730 exeipit,
714 1647 813 1708 fauces
827 1651 895 1710 satis

212 1753 325 1834 amplas
346 1743 439 1831 dicisp
463 1743 596 1812 attamen
621 1751 685 1832 ipse
707 1773 770 1810 rem
791 1753 897 1834 explo-

212 1856 297 1916 rabo.
311 1855 340 1915 Ο
353 1856 489 1930 domine,
506 1855 649 1915 exclamat
667 1855 836 1929 Venonii,
860 1855 900 1914 ad

211 1959 303 2042 pedes
313 1960 374 2042 ejus
388 1957 563 2040 provolutus
576 1984 590 2031 ,·
600 1980 655 2040 per
667 1960 766 2018 Deum
774 1971 803 2020 te
812 1960 898 2021 obse·

213 2083 291 2142 cro;
314 2061 389 2122 absit
410 2076 443 2121 ut
462 2063 519 2121 hoc
543 2061 654 2141 sacias;
676 2074 706 2122 te
727 2074 899 2124 monstrum

212 2159 286 2218 illud
305 2161 447 2243 deglutiet
460 2161 654 2243 3tum1niser
673 2163 831 2222 Vendredi
844 2163 898 2222 do-

212 2263 297 2321 mino
322 2265 444 2324 orbatus
461 2265 527 2324 erit.
555 2269 714 2325 Robinson
740 2265 897 2332 subridens

213 2367 400 2450 interrogat,
437 2393 475 2430 an
504 2373 567 2454 ipse
593 2373 630 2431 ab
651 2371 701 2431 illo
737 2371 898 2434 devoratus

212 2471 313 2530 fuerit.
343 2473 421 2533 Ciun
463 2475 619 2536 Vendredi
647 2475 896 2547 obmutesceret,

212 2577 296 2637 illum
317 2581 475 2638 Robinson
495 2580 620 2640 domum
640 2581 725 2662 jussit
737 2579 898 2652 festinare,

213 2693 248 2743 nt
274 2683 442 2767 lampadem
462 2705 618 2746 accensam
642 2695 800 2768 quaereret.
831 2685 899 2765 Ipse
971 2691 972 2700 ’
