1982 3398
141 178 181 255 54
381 177 582 239 Rournson

141 313 239 364 rentes
260 301 420 366 carissimi!
445 303 577 386 dumque
596 305 735 390 arirplexu
757 329 831 369 rna-

140 419 218 468 trem
239 409 332 490 petit,
354 407 465 469 decidit
479 413 515 466 ex'
531 410 638 469 arbore
647 434 658 488 3
673 411 726 470 sed
746 412 828 472 sort'e

141 513 223 594 quod
233 513 288 595 ipsi
298 513 428 572 faustum
440 513 495 572 fuit
507 559 514 588 ,
529 513 629 573 sedem
640 513 670 573 in
684 515 750 598 loeo
762 539 836 577 non·

140 617 182 678 ita
192 616 309 676 sublimi
320 627 460 698 posuerat
473 661 480 688 ,
492 617 648 697 solumque
660 630 720 677 tarn
731 619 826 680 denso

142 721 276 802 gramine
290 721 429 780 vestitum
443 731 526 792 erat,
549 732 583 778 ut
597 719 644 777 ille
658 741 741 780 casus
762 745 824 783 non

50 881 51 884 ,
141 825 182 886 ita
197 827 279 908 gravi
291 819 450 888 decideret.
465 825 576 884 Iterdm
588 825 727 885 arborem
740 848 825 887 suam
899 873 902 880 .

143 929 332 1000 conscendit,
347 930 377 986 iu
391 932 448 1010 qud
461 928 597 988 manibus
612 929 742 990 retinens
756 951 825 989 sur-

143 1033 225 1094 culos
237 1030 315 1091 circd
327 1032 509 1105 eminentes,
522 1033 561 1098 ad
574 1044 675 1092 ortum
695 1031 764 1093 solis
778 1053 828 1094 re-
900 1035 905 1043 “

142 1136 262 1196 mansit.

182 1241 283 1303 Prima·
295 1242 360 1303 luce
381 1241 471 1324 coepit
491 1241 620 1324 cogitare
639 1245 699 1324 qud
712 1242 828 1303 ratione

143 1345 257 1408 victum
270 1347 325 1406 sibi
339 1359 468 1428 pararet.
492 1348 691 1434 Omnesverd
706 1349 827 1408 arbores
921 1415 924 1421 ¹
989 1362 991 1373 ’

144 1472 216 1532 quas
231 1451 374 1512 hactenus
388 1465 599 1536 conspexerat,
621 1465 706 1512 erant
720 1475 755 1513 ex
776 1475 828 1514 ea-

142 1575 213 1630 rnm
226 1578 333 1640 genere
346 1579 418 1640 quas
434 1559 602 1638 Campeche
613 1579 754 1618 vocamus
765 1583 775 1638 3
787 1571 831 1618 at-

144 1661 278 1744 que'illae
293 1661 362 1722 folia
375 1661 513 1744 quidem,
529 1661 582 1721 sed
594 1661 707 1720 fructus
728 1660 830 1722 serunt

143 1765 268 1826 omnini)
289 1765 397 1827 nullos.

183 1861 246 1932 Nee
260 1871 328 1932 satis
347 1869 389 1930 illi
407 1868 539 1952 liquebat
554 1867 628 1949 qnid
644 1866 699 1926 sibi
719 1866 830 1929 sacien-

144 1973 218 2033 dum
238 1987 321 2036 esset.
346 1975 391 2035 Ex
411 1953 523 2058 arbore*
539 1985 639 2032 tamen
663 1971 828 2032 descendit.

145 2077 225 2138 Cirm
239 2090 338 2138 autern
352 2078 448 2160 pridie
461 2078 535 2138 nssuil
550 2076 673 2138 omnini>
687 2077 831 2138 comedis·

145 2191 208 2254 set,
223 2181 312 2262 coepit
329 2181 406 2240 fame
421 2181 578 2242 saevissimi
593 2181 728 2242 laborare
737 2206 746 2261 3
768 2179 829 2241 ita·

145 2301 203 2363 que
216 2280 276 2340 huc
288 2279 357 2339 illuc
370 2299 426 2362 per
438 2280 551 2362 aliquot
572 2281 662 2340 millia
687 2303 830 2364 passuum

146 2379 284 2440 discurrit
298 2402 308 2459 3
330 2379 382 2438 sed
402 2379 597 2442 discurrendo
610 2379 683 2440 nihil
696 2379 830 2454 invenit,

146 2482 200 2544 nisi
222 2481 343 2542 arbores
357 2481 470 2542 steriles
492 2489 522 2541 e't
543 2483 688 2565 gramina.

185 2617 270 2678 Tunc
297 2617 416 2677 summ'o
437 2621 549 2698 angore
571 2611 756 2674 excruciatus
787 2611 832 2674 se-
