1968 3378
201 243 240 306 7ο
444 235 646 296 Roaruson

202 359 397 420 intellexerim
422 373 569 442 quantum
580 359 637 420 Dei
659 379 730 441 erga
744 358 889 420 homines

202 461 380 521 beneficium
399 462 483 544 panis
519 461 574 522 sitl
600 463 685 522 Tunc
712 463 887 545 temporis,
977 461 979 468 ’

201 575 236 624 ut
250 563 318 624 catis
341 564 415 624 mihi
430 565 514 624 fieret
525 608 533 638 ,
556 563 700 624 addendae
723 578 809 624 erant
830 565 887 625 nli-

203 685 269 745 quae
290 663 409 725 deliciae.
432 665 461 724 Ο
476 665 591 724 utinam
612 687 693 725 nunc
717 666 792 725 milri
809 667 889 727 adsit

203 766 405 847 fragmentum
431 765 585 846 quodlibet
599 764 683 846 panis
702 764 778 824 illius
794 786 889 848 quem

203 881 275 931 tunc
295 870 334 932 ad
354 892 458 930 canem
471 880 609 953 nostrum
628 869 709 930 horti
729 870 889 930 custodem

202 970 421 1054 projiciebam!
459 970 559 1050 Qudm
578 993 627 1032 me
655 971 771 1034 felicem
803 995 889 1035 nunc

202 1069 417 1152 praedicarem!

244 1175 399 1232 Robinson
410 1175 502 1256 igitur
513 1177 604 1258 quim
617 1175 777 1237 lautissime
784 1188 889 1259 posset

205 1283 339 1364 epulatus
374 1293 427 1340 est.
449 1281 588 1353 Deinde,
609 1280 805 1342 fervidissimo
827 1279 890 1340 diei

206 1396 362 1466 tempore,
382 1385 538 1469 paulullrm
556 1385 587 1446 in
611 1397 702 1454 strato
724 1383 888 1457 recubuit,

205 1496 241 1547 ut
256 1507 357 1546 secum
372 1487 568 1546 meditaretur
590 1485 743 1567 quodnam
767 1483 891 1565 potissi-

204 1591 290 1655 mitm
308 1614 383 1676 opus
401 1593 578 1674 susciperet,
605 1590 675 1652 cirm
700 1591 821 1650 remisso
838 1611 889 1650 ca-

118 1724 121 1730 *
205 1698 268 1774 lore
281 1698 382 1773 liceret
395 1717 518 1780 operam
530 1696 561 1756 in
574 1695 685 1776 aliquid
698 1695 844 1756 conferre.

247 1805 330 1882 Quid
343 1826 424 1866 nunc
435 1803 517 1884 priirs
530 1822 616 1883 agam
632 1799 645 1860 Ρ
669 1799 819 1882 optimum
831 1799 891 1860 erit

206 1910 245 1972 ad
276 1909 428 1970 venandos
456 1907 569 1988 aliquot
601 1905 692 1964 lamas
727 1903 896 1986 proficisci..

207 2014 289 2089 Quid
300 2012 399 2072 autem
415 2013 552 2093 proderit
570 2022 652 2070 tanta
665 2009 760 2070 caruis
777 2009 863 2091 copia
874 2008 894 2070 2·

207 2113 286 2174 cnm
304 2115 344 2184 sic
356 2133 459 2188 secum
473 2125 648 2197 reputaret,
664 2113 768 2175 incidit
780 2114 811 2174 in
832 2135 889 2174 co·

207 2216 382 2298 gitationem
396 2239 527 2290 novam,
548 2217 719 2298 cunctisque
738 2216 889 2298 prioribua

207 2317 296 2399 longia
324 2319 571 2400 prestantiorem.
597 2319 726 2380 Scilicet.
751 2318 892 2380 animalia

209 2421 345 2504 quadam
367 2422 530 2482 domestica
542 2421 674 2483 cicurare
697 2436 728 2484 et
746 2443 890 2484 mansne·

208 2529 304 2588 l'acere
320 2526 451 2586 decrevit
464 2547 528 2608 quae
546 2525 601 2587 sibi
616 2527 730 2588 victum
752 2527 840 2587 simul
859 2539 898 2587 et

208 2630 378 2712 tocietatem
389 2641 575 2714 prestarent.
592 2631 691 2694 Laruae
707 2643 809 2692 autern
819 2630 891 2711 clun
