1962 3384
222 259 280 326 ²7⁰
463 241 659 300 Roeinson

223 344 331 406 deinde
358 343 397 404 ud
422 365 522 404 arcem
548 363 687 416 currere,
714 343 898 426 sarcinasque

222 449 332 531 raptim
346 447 495 528 colligere.
511 448 567 506 Die
580 445 719 516 nondum
730 457 854 518 exorto,
865 446 899 506 ad

221 549 327 608 collem
348 566 448 608 rursus
462 557 603 628 properat
617 589 626 618 ‚
646 543 742 625 eisque
755 545 811 604 ubi
825 547 899 606 navit

220 653 251 710 in
266 651 402 711 anchoris
416 650 511 710 stabat
523 649 623 709 oculos
637 643 786 724 intendit,
810 649 901 710 lucem

164 749 170 756 “
221 751 279 812 diei
293 751 413 834 plenam
426 762 582 832 expectans
590 773 599 828 5
615 770 648 808 ac
662 748 745 808 brevi
760 751 901 832 conspicit

221 853 394 937 ptaefectu'm
405 857 485 918 navis
499 897 507 927 ‚
522 855 629 914 collem
642 852 795 914 nonnullis
808 853 902 935 ipsum

222 961 431 1021 comitantibus
456 957 723 1020 conscendentem..
746 960 903 1027 Robinson

222 1087 283 1124 uno
304 1065 419 1146 impetu
439 1065 501 1144 ejus
525 1063 557 1122 in
578 1062 729 1144 amplexus
754 1065 901 1144 provolat.

221 1165 300 1226 Tum
325 1169 479 1248 preelectus
508 1179 609 1226 narrat
635 1186 665 1224 se
687 1185 761 1224 nave
781 1163 905 1226 feliciter

222 1268 385 1328 admodum
406 1271 536 1350 potitum
549 1257 628 1346 esse,
652 1270 767 1330 nemine
784 1271 904 1342 occiso,

221 1393 276 1431 nee
296 1369 451 1432 vulnerato
479 1371 618 1453 quidem3
644 1373 749 1435 scilicet
775 1370 905 1432 obscure

223 1486 310 1533 nocte
329 1473 370 1532 ita
388 1473 537 1546 evenisse,
560 1487 594 1532 ut
615 1496 671 1534 nec
696 1483 908 1562 agnosceretui·

222 1580 284 1660 ipse
298 1625 306 1653 ‚
331 1601 386 1638 nee
409 1579 532 1640 comites
546 1601 563 1637 a
577 1599 651 1638 nave
663 1579 906 1659 prohiberentur.

222 1683 503 1742 Turbulentissintos
522 1679 674 1741 seditionis
694 1693 830 1752 auctores
853 1683 910 1746 sibi

222 1786 344 1868 quidem
369 1785 531 1856 obstitisse,
562 1795 663 1866 coptos
684 1783 754 1844 veri)
778 1785 809 1842 in
841 1786 912 1847 vin-

223 1890 287 1951 cula
315 1888 403 1948 fuisse
433 1889 593 1969 conjectos.
620 1889 673 1948 llis
696 1889 804 1962 dictis,
826 1893 913 1954 cibos

224 1993 368 2074 quosdam
382 1993 565 2054 delicatiores
578 2016 594 2054 e
611 2017 684 2056 nave
699 1995 798 2056 afferri
810 1999 911 2078 jubet,

222 2095 338 2177 laetique
365 2117 469 2158 omnes
506 2097 669 2188 lautissimo
697 2100 836 2162 convivio
861 2125 914 2164 re·

223 2202 406 2262 creatisunt.
450 2191 453 2198 ⁴
538 2251 540 2256 .

262 2324 379 2387 Deinde
399 2329 776 2428 praefectus'Robzitsonem
790 2335 917 2416 rogavit

221 2427 367 2511 ,quidnam
387 2455 468 2494 nuuc
481 2435 534 2496 sibi
548 2433 716 2496 faciendum
729 2434 914 2513 iuuandaret,

224 2551 283 2613 quo
297 2529 352 2612 ipsi
364 2527 488 2612 gratiam
495 2537 689 2618 persolveret.
698 2537 777 2596 Huic
791 2543 917 2601 Robin-

224 2655 300 2696 son:
316 2647 423 2718 preter
440 2638 579 2702 hesterna
598 2641 759 2724 promissa,
774 2641 840 2704 haec
855 2644 915 2706 tria
