1968 3378
350 223 556 308 Cnosonus.
733 248 772 325 87

75 369 168 434 milis
197 371 237 430 ad
261 382 409 431 vastatum
435 371 619 432 domicilium
644 371 775 431 titubans

77 461 242 558 procedit.
272 474 423 551 Quantam
451 473 524 534 verb
550 475 661 556 putatis
688 473 776 533 fuisse

81 577 157 656 ejus
171 571 302 631 laetitiam
314 593 382 631 cum
394 572 475 632 haud
486 575 591 655 procul
603 595 619 632 a
631 573 777 634 vestibulo

85 675 264 738 carissimos
276 673 330 732 sibi
341 675 445 734 Lamas
456 675 550 736 saluos
556 675 778 758 incolumesque

84 775 220 838 obvibm
230 774 285 833 sibi
295 774 480 855 prosssientes
493 776 644 856 conspexit
655 774 758 836 linitio
769 822 780 851 ,

91 881 157 940 suis
178 879 271 938 fidem
284 879 375 939 oculis
388 878 437 936 vix
452 877 566 936 habuit.
582 879 669 938 Brevi
681 891 781 940 autem

91 985 214 1046 sublata
229 994 273 1041 est
286 983 382 1042 omnis
400 981 565 1062 dubitati03
579 981 619 1042 iili
634 985 713 1044 enim
729 1006 781 1045 ac-

90 1101 239 1156 currere,
253 1101 377 1140 manum
394 1081 519 1143 herilem
541 1083 689 1158 lambere,
709 1085 783 1146 larti-

95 1186 232 1266 tiamque
256 1205 346 1267 quam
367 1205 402 1244 ex
423 1187 484 1266 ejus
508 1185 606 1246 reditu
626 1187 783 1271 capiebant

95 1289 261 1349 exultando
273 1299 304 1345 et
316 1287 442 1346 balando
454 1289 629 1371 exprimere.

138 1411 225 1472 Tunc
239 1422 340 1469 autem
352 1409 466 1470 animus
483 1413 666 1472 Robinsonis
678 1415 785 1475 bacte-

97 1531 159 1576 nus
184 1515 294 1574 fractus
315 1513 523 1595 dejectusque,
547 1515 647 1576 rursbs
670 1528 786 1578 erectus

72 1624 75 1630 ’
101 1631 162 1679 est.
185 1619 291 1678 Lamus
315 1639 383 1676 suos
405 1617 560 1690 intuetur,
583 1619 734 1699 oculisque
756 1619 789 1678 iu

102 1721 216 1784 coelum
229 1719 349 1779 sublatis
362 1761 370 1792 ,
385 1717 529 1800 lacrymas
541 1719 645 1779 laetitiae
658 1718 791 1800 pietatis-

103 1845 166 1908 que
179 1835 267 1882 testes
277 1822 443 1905 profundit.
455 1821 479 1879 T
482 1843 533 1880 um
546 1821 656 1880 amicos
669 1819 791 1884 reduces

102 1926 261 1989 laetissimis
274 1924 424 1985 blanditiis
439 1923 558 2004 excipit,
571 1923 666 2005 iisque
675 1922 792 1984 comiti-

106 2035 166 2094 bus
180 2027 317 2113 procedit
329 2075 339 2106 ,
353 2027 481 2089 certiora
494 2026 531 2088 de
547 2026 697 2090 domicilio
709 2028 793 2090 visu-

108 2153 174 2192 rus.
260 2117 262 2120 ⁵

153 2235 251 2310 Atque
259 2231 300 2288 ibi
308 2232 462 2289 Robinson
474 2227 570 2289 multo
582 2229 680 2290 minbs
692 2230 795 2292 damni

111 2331 230 2394 invenit
250 2330 341 2410 quim
361 2329 459 2411 primb
479 2352 539 2414 prae
559 2342 686 2391 metuet
705 2332 797 2392 animi

113 2437 282 2519 abjectione
307 2435 417 2494 veritus
441 2447 512 2494 erat.
540 2437 692 2516 laquear,
715 2435 798 2520 quod

115 2564 190 2604 saxo
216 2537 387 2608 constabat,
414 2549 477 2596 erat
504 2539 686 2621 collapsum,
709 2551 798 2614 atque

118 2644 288 2732 proximam
309 2651 395 2700 terre
409 2638 520 2699 molem
536 2661 637 2702 secum
651 2647 779 2700 traxerat
787 2659 799 2720 p
