1976 3366
239 289 297 369 176
468 285 679 346 nouusou

276 406 354 484 Vara.
382 402 458 474 Sani
484 402 525 461 illi
552 401 698 482 quidem,
728 398 754 458 si
779 417 920 480 maguam

235 505 369 565 hostium
395 507 512 588 copiam
538 501 735 563 mactaverint
760 513 855 583 atque
874 521 920 560 co-

236 606 395 666 mederiut.

276 712 346 787 Quo
357 711 458 770 audito
474 711 628 768 Robinson
641 707 797 768 cohorruit
812 706 923 768 statim-

237 833 296 895 que
310 813 394 874 illum
415 815 539 875 meliora
552 813 588 873 de
599 815 663 876 Deo
680 815 803 898 vitaque
821 813 921 876 futura

238 911 346 975 docere
359 916 467 998 coepit3
486 915 585 974 Deum
603 936 712 994 nempe
735 935 799 975 esse
823 915 922 976 omni·

235 1029 417 1098 potentem,
457 1017 706 1100 sapientissimum
742 1018 924 1102 benignissi-

236 1143 381 1204 mumque
392 1127 403 1202 3‘
426 1122 478 1203 qui
499 1121 600 1182 omnia
624 1121 791 1200 creaverit,
821 1123 923 1184 omnia

236 1237 340 1306 regat,
360 1226 499 1286 omuibus
520 1223 674 1306 consulat;
699 1225 799 1308 ipsum
821 1240 922 1288 autem
975 1253 977 1296 ῃ

233 1329 390 1410 ιιιιιιφιὲιιι
424 1317 572 1412 origiuem
608 1328 770 1402 habuisse,
806 1330 922 1413 ubique

235 1432 357 1508 adesse,
371 1433 457 1493 illum
477 1434 640 1516 intelligere
655 1455 853 1516 quacumque
868 1455 921 1496 nos

236 1537 417 1618 cogitamus,
431 1535 534 1596 audire
545 1557 738 1618 quaecumque
747 1535 920 1616 loquimur,

236 1641 339 1702 videre
373 1659 568 1723 quaecumque
604 1640 718 1721 agimus
733 1661 758 1713 ,¹
784 1638 919 1722 quamvis

236 1747 300 1829 ipse
320 1748 466 1807 anemiue
483 1745 578 1806 videri
591 1759 680 1828 queat
693 1771 703 1826 3
717 1745 830 1806 habere
849 1770 920 1829 pro·

235 1846 347 1909 borum
379 1859 467 1932 atque
500 1848 710 1933 improborum
746 1850 895 1909 rationem
909 1871 918 1928 3

237 1973 363 2035 eamque
378 1953 416 2014 ob
431 1974 550 2014 causam
571 1951 640 2013 cum
656 1954 685 2011 in
705 1953 779 2026 hic,
803 1965 870 2013 tum
889 1953 918 2012 in

236 2055 337 2116 sutura
364 2058 423 2117 vita
449 2057 601 2116 neminem
625 2057 748 2116 beatum
775 2057 917 2130 reddere,

235 2158 293 2220 nisi
307 2159 392 2218 illum
406 2161 457 2242 qui
472 2181 508 2220 ex
527 2159 627 2220 animo
641 2159 745 2220 virtuti
760 2159 915 2222 studuerit.

277 2287 353 2365 Quae
375 2289 517 2368 praeclara
547 2288 695 2370 plenaque
712 2287 819 2368 vsolatii
838 2311 919 2371 prae-

237 2402 323 2472 cepta
354 2393 511 2453 Vendredi
530 2395 640 2476 magui
667 2414 736 2454 cum
754 2395 919 2456 reverentia

238 2496 343 2571 audiit,
369 2497 531 2585 auditaque
559 2500 646 2562 aut
638 2521 669 2560 m
693 2498 792 2560 auimo
814 2501 916 2560 infixit.

236 2601 319 2664 Cum
329 2603 539 2686 magistesnon
549 2606 659 2666 minori
651 2603 800 2665 docendi
807 2604 918 2686 ,quim

239 2707 400 2794 discipulus
419 2708 552 2826 duceudi
575 2709 674 2806 studio
696 2708 856 2794 flagraret,
870 2709 919 2771 hi·
