1968 3378
327 223 537 290 Crusoreus.
717 219 771 294 123

70 342 300 432 Y'longissimum
314 350 394 412 diem
409 354 439 413 in
451 357 507 415 bac
520 343 615 416 insul'd
628 357 773 420 tredecim

83 456 127 514 ad
138 475 295 513 summum
304 453 392 513 horas
401 455 510 532 durare
521 501 529 530 ,
545 456 620 518 adeb
631 471 664 517 ut
676 459 773 518 media

82 569 210 633 aestate,
221 557 297 616 bord
309 559 435 640 septima
445 571 512 640 post
523 561 680 620 meridiem
692 575 775 622 tene-

45 729 48 734 ,
82 666 153 725 brae
173 665 234 743 jam
254 663 439 742 ingruerent.
452 665 554 745 ltaque
567 665 712 747 quidquid
724 667 773 726 lu·
833 674 836 682 '

87 791 160 830 cem
182 768 241 827 diei
265 771 456 850 requirebat,
487 781 556 829 ante
578 771 635 830 boc
656 781 775 854 tempus

16 917 17 922 κ
85 873 312 958 perficiendum
323 887 396 934 erat.
413 874 475 934 Sub
488 876 595 934 boram
609 877 699 956 igitur
712 899 778 937 sex-

30 981 33 990 ‘
88 987 170 1043 tam,
180 973 202 1031 si
215 972 306 1030 modi>
315 974 386 1032 nihii
399 965 518 1056 majoris
527 977 672 1036 momenti
682 997 776 1056 agen-

90 1064 171 1131 dum
183 1085 368 1153 superesset,
390 1095 420 1134 se
437 1096 466 1134 se
488 1075 518 1132 in
540 1061 649 1134 beilicis
663 1077 777 1136 artibus

93 1191 233 1232 exercere
248 1217 256 1244 ,
278 1193 380 1231 areum
395 1174 539 1252 tendere,
556 1177 674 1258 sagittas
689 1170 778 1236 emit-

91 1286 180 1344 tere,
193 1287 242 1348 ut,
258 1276 280 1334 si
291 1276 410 1356 quando
420 1277 562 1338 incideret
574 1281 602 1338 in
614 1261 777 1340 barbarum

92 1379 252 1440 hominem
277 1392 328 1439 aut
353 1381 448 1440 farum
469 1383 603 1456 animat,
633 1387 715 1464 cujus
739 1385 778 1444 ti·

93 1503 215 1547 morem
229 1484 364 1544 nondum
378 1485 573 1568 deposuerat,
597 1488 664 1545 satis
680 1509 710 1546 se
725 1486 779 1547 de-

95 1579 245 1640 fenderet.
258 1582 394 1658 Quarum
409 1583 530 1664 quidem
543 1584 650 1641 artium
664 1594 780 1670 tantam

96 1684 243 1766 paulatim
261 1687 398 1766 peritiam
412 1685 536 1766 adeptus
555 1695 620 1761 est,
642 1696 674 1742 ut
690 1683 780 1757 τετὸ,

98 1786 352 1869 quaruvisiongo
378 1787 555 1868 interposito
579 1783 737 1859 ‘intervallo
764 1783 782 1846 d

98 1911 192 1970 scopo
206 1891 320 1948 nummi
334 1887 570 1971 magnitudinem
581 1897 714 1968 aequante
727 1887 782 1946 ab·

16 2051 18 2064 ,
98 2007 224 2054 erraret.
241 1995 471 2077 Vesperascente
487 1993 581 2063 coelo,
602 1991 709 2052 Lamos
724 2006 785 2052 ter·

99 2099 179 2159 rium
199 2098 356 2176 mulgere,
378 2111 562 2180 coenamque'
574 2096 719 2178 frugalem
733 2119 783 2159 su-⁴

99 2223 205 2272 mere,
222 2203 310 2262 stellis
324 2213 375 2260 aut
387 2201 457 2259 lund
473 2201 650 2262 lucentibus.

142 2329 285 2387 Ultimum
296 2327 353 2388 diei
364 2329 470 2387 boram
482 2349 582 2388 rerum
594 2339 707 2388 naturae
716 2351 788 2390 con·

101 2433 292 2515 temptationi
313 2417 423 2492 debat.¹
436 2433 585 2492 Nimirirm
608 2435 638 2492 iu
660 2433 785 2517 editiore

103 2541 170 2600 ioco
195 2537 300 2597 sedens
324 2583 332 2611 ,
365 2538 537 2596 intuebatur
563 2538 629 2598 coeli
655 2553 786 2596 convexa

103 2645 194 2707 stellis
219 2642 353 2722 undique
376 2641 539 2714 distincta,
562 2653 613 2700 aut
641 2639 723 2717 'sigua
752 2647 787 2689 ex
