1962 3384
176 308 177 314 ,
206 271 263 338 ²7⁰
446 254 644 314 Ronrnso‘n

206 357 315 418 deiude
341 355 380 416 a'd
406 377 505 417 arcem
532 377 671 430 currere,
697 357 896 442 sarcinasque

205 461 315 543 raptim
329 461 478 541 colligere.
494 461 550 520 Die
559 459 702 531 nondum
713 472 840 532 exorto,
854 461 896 522 ad

204 561 311 620 collem
331 579 431 622 rursus
445 570 587 642 properat
601 603 609 632 ,
629 557 724 640 eoque
738 559 792 618 ubi
805 561 894 621 navis

204 665 234 723 in
249 663 385 724 anchoris
399 663 494 722 stabat
505 661 606 722 oculos
621 657 767 737 intendit,
791 662 895 724 lucem

147 761 153 768 “
204 763 262 824 diei
276 763 396 846 plenam
409 775 564 846 expectans
572 787 583 841 5
598 783 632 821 ac
645 762 729 822 brevi
742 764 895 845 conspicit

204 866 377 950 praeiectu'm
388 869 468 932 navis
482 909 490 940 ,
505 867 612 927 collem
625 865 776 928 nonnullis
790 866 894 948 ipsum

205 974 414 1034 comitantibus
439 971 705 1034 conscendentem..
729 973 895 1032 Robinson

205 1100 266 1136 uno
287 1077 402 1158 impetu
422 1077 484 1156 ejus
508 1076 539 1136 in
560 1075 712 1158 amplexus
737 1077 890 1156 provolat.

204 1177 283 1238 Tum
308 1182 462 1260 praelectus
491 1191 592 1239 narrat
617 1199 647 1237 se
669 1199 744 1238 nave
764 1177 893 1238 feliciter

204 1281 368 1340 admodum
388 1283 519 1363 potitum
533 1305 611 1358 esse,
634 1284 751 1343 nemine
768 1284 889 1354 occiso,

203 1405 259 1444 nec
279 1383 434 1444 vulnerato
462 1386 601 1467 quiderm
626 1387 735 1446 scilicet
759 1384 888 1446 obscure

205 1499 293 1545 nocte
312 1485 353 1545 ita
371 1486 520 1558 evenisse,
543 1500 576 1546 ut
598 1509 652 1546 nec
678 1497 890 1574 agnosceretur

204 1591 267 1672 ipse
281 1637 289 1666 ,
313 1613 369 1650 uec
392 1593 514 1652 comites
528 1614 545 1650 a
559 1613 634 1652 nave
646 1591 886 1672 prohiberentur.

205 1695 485 1755 Turbulentissintos
504 1693 656 1753 seditionis
676 1705 813 1765 auctores
835 1695 888 1758 sibi

205 1799 327 1880 quidem
351 1797 513 1869 obstitisse,
545 1809 646 1878 captos
667 1797 736 1858 veri)
760 1798 792 1855 in
824 1797 890 1858 vin-

205 1903 270 1962 cula
297 1901 386 1960 fuisse
416 1901 575 1981 conjectos.
602 1903 655 1960 His
678 1901 786 1976 dictis,
809 1905 888 1964 cibos

206 2005 350 2086 quosdam
364 2005 547 2066 delicatiores
560 2028 576 2066 e
593 2030 667 2068 nave
681 2007 780 2068 afferri
793 2011 885 2091 jubet,

204 2107 319 2190 laetique
348 2131 451 2182 omues
488 2109 651 2200 lautissimo
679 2112 817 2174 convivio
839 2135 886 2174 re·

205 2214 295 2271 creati
309 2226 388 2274 sunt.

244 2337 361 2400 Deinde
381 2341 536 2424 prefectus
554 2343 758 2404 Robinsouem
773 2344 886 2428 rogavit

203 2441 348 2524 quidnam
369 2467 450 2506 nunc
462 2448 516 2508 sibi
530 2427 698 2508 iaciendum
710 2447 883 2522 mandaret,

206 2565 264 2626 quo
278 2542 334 2626 ipsi
345 2539 470 2626 gratiam
479 2550 671 2631 persolveret.
680 2549 759 2609 Huic
773 2553 886 2611 Robin-

205 2669 282 2710 son:
297 2659 404 2732 practer
421 2651 561 2715 hesterna
579 2653 741 2737 promissa,
756 2654 818 2717 hec
831 2653 884 2717 tria
948 2630 966 2728 4
