1968 3378
309 295 519 359 Cuusnnus.
698 303 755 386 159

57 445 120 508 spe
137 433 170 482 et
183 421 299 494 laetitia,
320 435 384 482 tum
402 425 509 484 timore
520 435 609 506 atque
626 425 754 488 horrore

55 527 201 592 vicissim
212 528 433 610 perstringitur.
446 528 524 590 Hinc
538 529 668 600 exultat,
684 519 759 590 eirm¹

56 633 152 692 videt
165 631 316 712 captivum
326 631 425 713 aliquo
436 632 530 714 spatio
542 646 752 714 persequentes

57 729 285 816 superantemj
308 731 379 792 inde
399 744 462 792 toto
483 753 608 814 corpore
629 745 759 816 contre-²

56 839 189 907 misen,
205 836 274 898 edm
285 837 496 898 animadvertit
510 849 632 897 cunctos
644 837 681 896 ad
693 837 750 896 ha-

56 940 233 1002 bitaculum
247 961 333 1000 suurn
348 937 435 999 anteri
453 939 612 1020 ignotum,
630 961 751 1000 cursum

59 1041 208 1122 dirigere.
218 1041 291 1099 Erat
304 1050 403 1099 autem
417 1040 497 1099 sinus
511 1039 668 1116 mediocris
677 1063 757 1122 pro-.

58 1147 139 1226 fugo
154 1143 368 1224 trajiciendus,
390 1165 428 1203 ne
445 1143 476 1200 in
490 1165 598 1204 manus
618 1141 749 1204 hostium

60 1246 200 1308 caderet.
217 1245 250 1304 In
271 1268 360 1330 quern
371 1245 471 1306 statim
486 1248 613 1330 prosiliit
624 1235 748 1308 eadem-'

61 1369 124 1430 qne
138 1367 228 1428 quarn
238 1347 298 1406 huc
311 1368 402 1428 usque
411 1345 585 1409 adhibuerat
599 1349 748 1414 celeritate

60 1450 197 1512 tranavit
210 1449 247 1510 ad
269 1449 349 1510 littus
364 1443 543 1532 oppositum.
566 1453 647 1528 Dum
662 1453 682 1508 ii
696 1455 748 1533 qui

60 1553 191 1638 propilio
218 1553 365 1636 urgebant
383 1554 417 1612 in
440 1573 548 1636 aquarn
576 1574 747 1635 aequoque

60 1659 246 1744 projiciunt,
261 1657 411 1726 coeteri'ad
425 1658 599 1718 convivium
606 1657 748 1715 horribile

62 1774 268 1825 revertuntur.
288 1764 410 1840 Quanto
431 1773 532 1821 autem
553 1759 662 1842 gaudio
681 1766 747 1818 Ro-

61 1871 173 1926 binson
199 1867 434 1940 animadvertit,
466 1867 520 1924 hos
548 1867 590 1926 illi
616 1863 746 1924 natando

62 1988 151 2052 pares
166 1943 306 2027 noneste
322 1966 330 2028 l
344 1967 436 2026 Miser
450 1966 604 2054 enirnjam
616 1985 650 2026 ex
671 1962 762 2046 aquei.

62 2083 249 2147 emerserat,
275 2070 343 2132 edm
364 2073 460 2132 caeteri
476 2071 616 2131 nandium
633 2069 746 2132 emensi

62 2188 152 2236 erant
167 2175 322 2236 dimidiam
335 2177 414 2238 sinds
426 2171 555 2260 partem.
736 2245 739 2254 ς

104 2282 191 2340 Tunc
204 2283 361 2344 Robinson
381 2282 496 2350 insoliti
512 2263 687 2342 fortitudine
700 2293 746 2342 at·
760 2341 764 2350 ,

63 2407 121 2469 que
143 2383 267 2444 audacid
291 2386 465 2446 animatum·
478 2406 507 2446 se
528 2387 619 2445 sensit
630 2410 640 2464 3
661 2387 762 2452 basta,

64 2485 234 2570 correptde
256 2499 359 2546 monte
381 2487 523 2546 decurrit.
544 2487 582 2546 Et
601 2474 744 2550 contiirub
757 2479 763 2544 s

63 2609 198 2676 egressus
217 2587 321 2672 sylvi,
341 2591 466 2656 terribili
486 2592 741 2687 vocelexclamatr
814 2593 815 2596 ’
