1968 3378
206 213 245 294 76
447 211 648 270 Rouiuson

204 335 258 394 sibi
283 333 407 395 faceret!
420 325 522 392 adulti
533 333 604 392 vero
618 333 783 395 callidiores
803 347 892 395 erant

205 439 294 518 quam
318 439 366 516 qui
389 446 568 517 caperentur
579 459 589 515 5
611 435 764 516 pullorum
786 448 891 497 autem

205 543 311 602 nidum
322 539 468 620 nusquim
488 536 573 598 vidit.

248 646 325 704 (iim
348 656 446 704 autem
460 642 565 703 collem
579 643 740 722 quondam
753 645 831 702 mari
845 645 891 705 vi-

207 749 307 808 cinum
328 740 521 818 ascendisset,
540 745 684 826 ¹conjectis
703 745 773 804 inde
796 747 891 806 oculis

207 851 285 910 iuter
311 849 430 930 rupium
454 848 583 917 hiatus,¹
599 846 710 927 aliquid
736 850 893 928 conspexit

210 950 291 1032 quod
313 947 424 1029 placuit
443 945 567 1028 propius
580 966 711 1004 cernere.
729 947 894 1008 Descendit

209 1054 301 1134 igitur
321 1063 350 1110 et
372 1051 480 1131 magud
499 1070 567 1109 cum
586 1047 738 1129 voluptate
751 1048 893 1112 animad-

210 1151 300 1212 vertit
312 1171 388 1210 esse.
400 1194 408 1210 .
421 1196 448 1210 ..
466 1149 516 1210 sal.
534 1149 682 1209 Hactenus
698 1149 819 1230 quidem
832 1174 893 1234 pro

201 1254 403 1320 ,condimento
416 1253 592 1312 adhibuerat
606 1273 714 1332 aquam
727 1252 897 1335 marinam,

213 1376 278 1435 qua
291 1367 389 1412 tamen
405 1353 600 1414 commoditas
612 1352 677 1412 salis
690 1355 896 1432 prestantium
979 1434 983 1442 Ι

200 1479 275 1520 uon
293 1457 436 1538 aequabat.
455 1459 546 1536 Aquae
562 1457 643 1515 enirn
663 1456 782 1516 mariuae
802 1479 896 1541 sapor

213 1554 304 1614 habet
313 1554 441 1616 multiun
455 1554 670 1615 amaritudinis.
680 1555 896 1639 'semer-equo-

214 1681 272 1742 que
291 1661 338 1720 ille
360 1670 517 1743 putaverat
536 1678 655 1719 carnem
680 1661 756 1742 aqud
777 1660 896 1723 marina

213 1766 364 1826 conditam
381 1786 482 1824 sanam
504 1775 592 1844 atque
613 1760 815 1842 incorruptam
831 1784 897 1822 ser-

212 1867 276 1924 vari
289 1887 393 1947 posse,
408 1865 431 1924 si
445 1864 566 1946 quidem
585 1885 646 1922 non
666 1862 762 1922 minias
775 1875 897 1944 putres-

213 1970 254 2028 cit
268 1969 357 2049 quim
373 1991 448 2051 aqua
461 1990 477 2028 e
493 1968 588 2028 fluviis
601 1979 652 2026 aut
665 1966 795 2048 fontibus
807 1969 898 2030 haus·

213 2083 265 2140 ta,
288 2071 339 2128 ubi
362 2072 410 2130 illa
433 2085 519 2132 motu
542 2083 631 2132 caret.
654 2071 746 2130 Valde
761 2073 852 2153 igitur
867 2075 896 2133 ei

197 2227 199 2233 .
213 2171 327 2252 profuit
344 2175 506 2253 genuinum
527 2175 567 2234 sal
584 2175 633 2236 hic
651 2190 803 2263 repertum
812 2199 822 2257 ;
838 2178 897 2238 ita-

197 2331 199 2338 ,
215 2295 273 2354 que
288 2276 389 2334 ambas
402 2275 449 2334 ille
462 2297 548 2358 peras
567 2301 602 2340 eo
615 2285 795 2367 complevit,
811 2283 896 2363 quod

215 2380 314 2440 statim
332 2381 456 2440 domurn
470 2381 651 2464 deportaret.

200 2516 203 2540 ι
254 2484 350 2542 Lentus
372 2483 480 2543 deinde
494 2488 648 2548 Robinson
667 2513 737 2553 eum
750 2492 836 2574 petiit
848 2493 897 2554 lo·

151 2666 153 2674 ¹
215 2608 284 2648 cum
298 2583 349 2648 ubi
362 2583 470 2645 lamam
485 2607 515 2646 se
536 2603 731 2674 excepturum
745 2593 896 2676 sperabat.
911 2661 915 2668 ³
