1962 3384
230 193 291 271 254
468 191 673 255 Rosiuson

230 347 247 380 κ
270 324 301 382 in
314 333 429 404 partem
440 302 692 384 commoditatum
702 346 776 407 quas
786 325 913 411 illapra-

231 451 247 486 a
270 428 338 500 bet,
354 427 473 487 admitti
487 429 590 510 eupit,
608 451 679 488 eum
693 442 815 520 oportet
828 456 836 490 ε

269 581 284 613 2
312 522 505 618 evirantur
520 555 635 616 domin
655 557 849 619 irrrusinsurae
872 561 912 620 10-

229 686 245 720 »
269 662 363 743 gitimi
378 663 408 722 in
423 663 561 722 omnibus
577 663 721 736 obedire,
738 667 911 748 cunctisque

228 788 244 823 a
268 767 408 828 institutis
424 810 432 840 ‚
448 759 573 854 quae'ille
587 766 624 825 ad
638 767 765 828 salutem
778 789 914 832 commu·
970 775 975 790 '

227 893 244 926 a
266 891 337 930 nem
351 871 460 930 civium
474 871 714 952 promovendam
727 877 911 955 praeceperit,

228 997 244 1032 r
267 960 488 1056 obtemperare.

268 1103 283 1135 s
307 1091 338 1138 2⁰
356 1079 457 1139 Vitam
480 1099 568 1159 agere
594 1079 625 1137 in
647 1077 770 1156 labore,
792 1089 912 1161 tempe·

228 1203 243 1237 s
266 1179 362 1238 rantib
376 1181 595 1240 ethonestatis:
609 1201 698 1240 nemo
713 1181 794 1239 enim
809 1181 840 1239 in
855 1182 914 1242 hac

225 1305 242 1339 r
264 1281 360 1340 insula
393 1281 569 1342 tolerabitur
593 1282 644 1364 qui
678 1282 823 1364 ignavia,
857 1287 911 1363 qui

225 1405 241 1436 r
264 1379 385 1438 luxuriae
409 1391 461 1439 aut
474 1378 527 1438 ulli
550 1381 742 1464 turpitudinis
765 1379 866 1462 generi
879 1401 911 1442 se

226 1509 241 1542 »
265 1482 392 1544 dederit.

266 1591 335 1648 »5⁰
360 1588 517 1648 Abstinere
541 1588 578 1647 ab
607 1585 690 1648 omni
717 1589 798 1669 rix35
820 1591 909 1672 siquis

223 1717 239 1750 a
263 1703 365 1752 autem
384 1689 524 1771 injuriam
545 1690 719 1771 acceperit,
749 1713 787 1750 ne
812 1693 851 1751 sit
878 1694 909 1753 in

224 1821 239 1854 r>
262 1794 385 1877 proprib
406 1792 494 1853 causi
510 1790 619 1874 judex,
640 1791 691 1852 sed
706 1795 862 1874 querelam
873 1797 911 1856 ad

223 1925 239 1956 n
262 1900 364 1960 insulae
388 1897 546 1984 dominum
560 1895 675 1955 deferat
690 1940 698 1970 ‚
715 1909 766 1956 aut
786 1898 825 1957 ad
840 1922 911 1962 eum

224 2027 239 2061 a
262 2004 312 2085 qui
325 2001 415 2087 judex
429 2001 466 2060 ab
481 2001 532 2060 illo
544 2000 723 2060 constitutus
737 1999 838 2060 fuerit.

264 2116 333 2184 »4⁰
360 2107 475 2166 Omnes
501 2103 617 2164 laboras
645 2102 684 2162 ud
713 2125 911 2167 communem

222 2231 237 2264 a
261 2207 419 2269 utilitatem
437 2207 619 2268 necessarios
634 2205 762 2266 libenter
773 2211 911 2292 suscipe·

202 2329 237 2368 ‘a
261 2331 292 2370 re
307 2353 316 2380 ,
332 2330 388 2386 ac,
405 2311 429 2370 si
443 2331 489 2371 res
501 2309 684 2392 postulabit,
700 2309 825 2370 domino
840 2356 849 2384 ,
864 2320 912 2383 vel

220 2437 236 2472 s
259 2434 328 2474 cum
341 2414 408 2472 vitae
426 2413 617 2488 discrimine,
633 2433 723 2495 opem
738 2411 826 2475 ferre.

260 2539 274 2571 s
298 2515 329 2576 5⁰
341 2512 372 2573 si
387 2515 451 2594 quis
466 2515 560 2576 ullam
569 2525 603 2574 ex'
614 2515 660 2574 his
674 2513 789 2595 legibus
802 2514 912 2596 aequis·

220 2645 235 2680 s
257 2618 340 2682 simis
364 2615 476 2682 violare
497 2637 586 2681 ausus
607 2617 716 2695 fuerit,
730 2627 913 2679 caeterorum
