1976 3366
332 188 556 251 Cnusouus.
721 196 784 278 ‘¹57
814 188 815 191 ¹

74 325 231 389 mactat,
252 312 399 388 dissecat,
426 329 622 398 quartamque
637 319 699 400 ejus
714 342 785 402 par-

75 431 153 482 tem
170 439 248 478 veru
268 417 382 500 affigit,
404 419 487 502 quod
506 422 587 482 socio
600 423 783 488 versandum

76 521 233 584 mandat.

127 627 251 688 lutereb
263 626 337 686 duum
351 628 399 686 ille
410 628 469 688 huc
482 649 608 690 munere
622 630 779 712 fungitur,

79 735 250 794 Robinson
265 746 455 814 segmentum
470 734 600 814 pectoris
620 745 756 816 amputat
769 759 782 816 5
824 769 826 773 ,

81 844 159 894 tum
174 832 318 890 nonnulla
335 833 440 892 tubera
454 833 549 915 probb
564 832 662 905 lavat,
684 836 784 894 mani..
811 819 817 837 '

81 937 260 1021 pulumque
291 935 358 996 Zea)
386 935 505 1000 duobus
537 938 610 998 saxis
640 919 781 1001 adhibitis

83 1043 181 1106 molit
189 1067 199 1121 3
213 1043 277 1102 haec
290 1041 390 1102 omnia
402 1043 465 1102 ollae
476 1043 649 1116 committit,
659 1045 689 1106 in
703 1045 761 1128 que
768 1089 778 1118 ,

84 1147 196 1210 addito
218 1147 299 1220 sale,
322 1147 465 1208 idoneam
485 1170 568 1230 aqum
592 1162 710 1231 partem
732 1150 781 1210 iu-

83 1251 212 1322 fundit,
228 1271 262 1310 ac
276 1249 400 1310 demum
416 1251 473 1312 olla
487 1251 549 1334 igni
563 1255 737 1336 apponitur.

135 1379 295 1440 chzclredu¹
325 1377 416 1437 istum
446 1401 569 1438 omnem
600 1392 779 1461 apparatum

87 1483 257 1555 cernebat,
278 1501 334 1541 uec
351 1481 534 1560 intelligebat
549 1477 673 1560 (febres
695 1501 780 1562 spec-

87 1576 178 1648 taret.
207 1586 338 1646 Noverat
364 1585 487 1668 quidem
515 1561 623 1642 usum'i
633 1583 776 1660 assandi,

21 1757 23 1764 ¹
86 1689 143 1750 'sed
159 1689 313 1770 nunqubm
326 1689 363 1747 de
375 1701 438 1748 arte
450 1686 599 1769 coquendi
612 1684 777 1748 audiverat.

90 1795 267 1878 quinetiam
289 1795 447 1876 ignorabat
471 1815 609 1874 quaenam
636 1803 713 1852 essct
732 1793 777 1852 vis

90 1902 168 1982 ignis
182 1901 213 1959 in
226 1921 335 1984 aquam
346 1899 410 1958 ollae
424 1899 564 1958 infusam.
579 1897 779 1979 Quaequidem

91 2006 207 2068 fervere
222 2005 332 2086 coepit,
354 2001 423 2064 cium
449 2005 601 2062 Robinson
620 2002 778 2083 paulullun

92 2109 125 2172 ln
140 2109 311 2191 speluncam
321 2108 495 2167 secessisset.
510 2111 538 2166 V
538 2107 669 2168 cudredi
679 2107 777 2168 bbstu-

91 2213 181 2298 puit,
201 2211 325 2270 miratus
341 2207 503 2292 quidesset
518 2209 599 2290 quod
612 2210 653 2270 sic
668 2231 777 2295 aquam

91 2320 238 2378 moveret.

134 2417 212 2480 cum
235 2416 308 2478 verb
329 2436 396 2476 eam
419 2414 494 2474 vidit
516 2428 724 2478 exaestuantem
745 2427 777 2477 et

93 2521 291 2604 undequlque
313 2519 531 2612 exundantem,
553 2519 641 2581 stult'e
658 2521 776 2602 putavit

95 2625 202 2696 animal
212 2627 244 2686 iu
259 2625 318 2686 otta
328 2643 390 2686 esse
403 2622 485 2705 quud
497 2625 589 2686 istum
601 2624 638 2686 de
650 2630 778 2702 repente
843 2707 847 2722 ι

665 2722 695 2782 0
