1968 3378
198 253 255 321 124
433 235 645 296 ltoninsorc

195 370 297 434 medit
322 367 387 429 enti
412 377 498 450 parte
520 361 699 443 vergentia,
719 357 893 440 ruensque

197 475 295 536 aliaex
306 472 423 534 occulto
434 467 602 549 surgentia3
617 477 669 523 aut
678 464 778 522 lunam
787 461 892 524 mode»

196 587 397 648 crescentem,
410 569 502 632 modb
513 577 717 628 senescentem
730 610 738 637 ‚
757 576 787 622 et
801 587 895 628 nnnc

197 689 373 748 curvatam,
395 694 476 734 nunc
486 673 569 753 aeqnl
582 672 721 752 portione
734 668 860 728 divisam
872 713 887 743 ,

197 781 380 842 maculosam
391 775 561 849 interdum,
575 761 772 854 eamdemque
781 771 889 834 subitb

198 885 397 946 renidentem.
412 876 637 959 Nonnunquim
655 879 685 938 in
700 878 798 936 littore
811 880 902 936 ειη-ἒ

198 986 305 1046 bulans
332 979 436 1044 auram
455 981 627 1063 vespertino
648 993 739 1042 rento
760 993 887 1060 tempe.-

199 1102 296 1150 ratam
310 1089 451 1167 spirabat.
467 1085 568 1164 Qualm
588 1085 769 1167 pulchrum,
787 1083 886 1164 quim

199 1187 374 1251 admirabile
396 1186 599 1268 spectaculum
621 1206 704 1246 mare
723 1185 887 1246 exhibebat

201 1287 306 1350 oceani
331 1287 563 1349 immensitatem
590 1307 606 1346 e
632 1287 731 1348 littore
758 1286 888 1368 prospi-

200 1386 311 1449 cienti?
330 1387 369 1448 Ut
385 1388 523 1463 varium,
548 1401 583 1450 ut
594 1389 640 1450 sul
658 1411 776 1472 semper
794 1385 886 1448 dissi-

199 1491 269 1566 mile
285 1489 293 1550 l
318 1491 410 1552 Modo
431 1490 627 1572 placidumet
639 1493 721 1574 quasi
732 1492 884 1574 sopitum,

199 1595 366 1684 politissimi
390 1597 535 1656 mentitur
563 1597 674 1678 speculi
700 1596 857 1679 planitiem
869 1619 887 1676 5

199 1699 293 1760 mod'o
307 1699 449 1780 tanqnlm
464 1701 516 1760 otii
535 1715 716 1782 pertaesum,
735 1701 887 1783 crispatur
958 1773 962 1778 .

200 1800 325 1875 leviter,
351 1801 445 1862 fertur
465 1801 542 1860 ultrei
568 1801 701 1884 nitrique
723 1821 780 1881 per
801 1802 886 1862 ludi-

201 1901 301 1962 brium
317 1945 325 1974 ,
348 1900 416 1962 clim
431 1900 528 1962 subiti>
545 1901 686 1961 ludorum
699 1901 882 1984 impatiens,

202 2007 400 2068 conturbatur
414 2051 421 2078 ,
446 2007 609 2087 turgescit,
630 2003 796 2086 fluctusque
810 2028 887 2088 spu-

201 2121 316 2169 mantes
327 2109 418 2168 volvit
431 2109 468 2168 ad
483 2109 574 2191 pedes
584 2111 768 2170 Robinsom's
780 2108 887 2172 eecur'e

201 2210 297 2270 minas
313 2211 552 2292 contemplantis.

242 2335 322 2396 Cum
328 2337 370 2396 sic
384 2336 430 2397 ille
441 2336 471 2396 in
485 2336 683 2400 admiratione
692 2361 773 2402 nunc
782 2361 887 2400 rerum

200 2445 315 2495 naturae
328 2477 336 2504 ,
348 2455 428 2496 nnnc
438 2438 527 2498 maris
539 2437 650 2499 diutins
661 2441 789 2500 haesisset
801 2451 888 2506 ‚tum

202 2537 283 2602 adse
297 2537 396 2620 ipsum
409 2560 569 2602 conversus
585 2543 720 2602 animum
741 2543 780 2603 ad
792 2544 888 2606 ratio-

201 2662 274 2708 nem
294 2639 481 2704 reddendam
502 2645 640 2706 vocabat.
661 2643 781 2708 Scilicet
804 2646 888 2712 diem

331 2919 340 2952 l
