1976 3366
243 193 303 254 216
481 194 684 255 Roususort

242 337 306 384 tem
328 325 380 384 din
402 324 512 384 frustrzl
534 325 764 385 desideraverat.
788 320 857 386 lloc
876 327 925 408 qui

242 426 421 507 cogitatione
434 424 552 506 penitt'rs
572 425 731 506 complecti
745 425 836 497 velit,
858 449 926 486 eum

242 507 428 588 Robinsonis
442 529 536 588 instar
549 539 606 611 per'
619 548 729 588 novem
742 550 839 588 annos
857 552 927 589 con·

240 633 341 693 tinuos
358 633 497 691 omnibus
518 631 580 691 istis
601 631 694 712 copiis
710 631 837 712 vitroque
853 653 927 714 prte-

240 735 321 796 sidiis
335 737 463 798 caruisse
476 747 608 817 oportet.

282 861 360 925 Cium
374 865 435 945 jam
447 865 522 924 stattl
534 863 597 924 vice
611 885 694 923 mare
707 861 804 922 redire
817 865 925 946 eoepis·

241 979 305 1043 set,
327 979 452 1048 uterque
473 965 512 1024 ad
526 977 622 1026 ratem
643 963 817 1038 descendit,
838 964 923 1024 edm-

240 1092 299 1152 quc
324 1092 391 1130 eam
418 1070 589 1146 solvissent,
613 1068 719 1128 leniter
741 1069 817 1148 aqud
842 1091 924 1130 acce·

240 1173 330 1232 dente
346 1173 392 1232 'ad
413 1174 494 1232 littus
517 1173 607 1232 delati
624 1217 632 1245 ,
651 1193 723 1254 opes
746 1185 875 1232 servatas
891 1173 921 1231 in

239 1287 352 1334 terrem
366 1275 525 1358 deportare
544 1289 716 1360 properant.
741 1277 821 1336 Tum
842 1281 921 1336 Ven-

239 1380 329 1439 dredi
348 1379 531 1464 magnopere
559 1381 646 1462 gestit
671 1378 784 1439 discere
806 1381 870 1461 quis
885 1400 919 1437 ex

237 1481 284 1542 his
304 1481 443 1541 omnibus
469 1495 537 1541 usus
558 1492 610 1539 aut
640 1501 703 1560 quae
726 1479 921 1539 commoditas

237 1581 351 1663 percipi
373 1591 481 1662 posset.
505 1581 662 1638 Robinson
677 1593 710 1638 ut
721 1577 919 1660 cognoscendi

237 1681 433 1762 cupiditatem
458 1679 588 1762 expleret
610 1692 679 1761 post
705 1679 862 1738 dumetum
888 1699 919 1738 se

236 1782 357 1867 recipit,
374 1783 473 1864 ibique
492 1783 645 1842 indusium
659 1794 830 1862 vestemque
843 1803 918 1863 pre-

235 1883 305 1945 fecti
333 1908 403 1945 cum
433 1886 536 1946 calceis
562 1898 593 1944 et
617 1884 766 1944 tibialibus
795 1885 915 1962 induit;

235 1996 301 2046 tum
322 1987 419 2068 gladio
432 1989 544 2048 cinctus
564 1987 701 2070 pileoque
723 1999 847 2047 ornatus
867 2011 917 2048 su-

236 2087 297 2148 bitb
321 2093 513 2173 progreditur
531 2103 618 2174 atque
639 2103 707 2152 ante
729 2089 830 2151 oeulos
847 2092 917 2152 socii

236 2181 469 2276 obstupescentis
483 2197 625 2256 consistit.
641 2195 691 2256 Ille
704 2196 850 2257 attonitus
864 2197 915 2256 eli·

188 2345 191 2354 Δ
234 2295 413 2376 quantulum
432 2300 567 2371 recessit,
587 2297 686 2379 primo
700 2295 779 2358 certe
794 2312 914 2380 aspectu

234 2394 364 2453 incertus
379 2393 537 2456 dominum
548 2419 586 2456 ne
597 2419 636 2456 au
650 2398 741 2456 alium
753 2398 914 2478 quemdam

234 2497 357 2558 homine
371 2498 517 2578 majorem
531 2500 737 2584 conspiceret?
756 2505 914 2561 Robinson

232 2603 359 2667 uttouito
385 2601 566 2684 subridens,
590 2627 683 2670 mauu
707 2605 826 2667 blande·
842 2629 914 2689 por-

811 2711 891 2769 reetd
901 2752 909 2783 ,
