1962 3384
204 311 264 382 2¹54
450 303 650 364 Roarusorr

204 455 294 495 omne
310 431 380 492 belli
401 432 558 494 eonsilium
581 430 729 513 exposuit.
754 429 899 492 Montenr

205 534 339 606 circium,
355 533 415 607 ait,
432 543 521 614 atque
542 552 597 614 per
618 531 833 610 densissimam
848 532 899 612 syt-
943 569 944 616 p

204 660 274 697 vam
287 637 408 710 ibimus,
417 657 454 695 ne
464 637 501 695 ab
510 635 645 696 hostibus
658 635 895 716 conspiciamur.
943 633 944 686 ἶ

204 744 282 802 Tum
297 743 327 801 in
342 742 467 802 arbustis
477 741 574 814 densis
588 740 626 803 ad
639 741 721 798 littus
738 739 802 800 feri
821 763 896 822 pro-
941 761 944 862 p

205 847 393 910 currentibus
414 847 452 907 ad
474 867 523 908 eos
544 845 668 928 propius
690 847 893 924 accedemus3

204 948 273 1010 edm
290 947 400 1010 erimus
413 949 491 1008 iutra
506 948 554 1006 teli
567 949 698 1028 jactum,
712 947 813 1008 subito
826 959 893 1008 tor-

203 1064 340 1122 mentum
365 1053 544 1134 explodatur¹
555 1033 716 1127 bellicum,
733 1035 893 1132 quo—bar-

202 1151 283 1224 bari,
295 1153 385 1214 credo
400 1153 561 1236 equidem,
574 1153 687 1230 territi,
697 1153 801 1213 reticet
812 1176 894 1235 prae-

203 1255 263 1327 dd,
286 1257 317 1314 in
332 1257 453 1338 scaphas
469 1257 651 1338 confugient.
667 1258 747 1319 Tum
762 1259 892 1328 comini-

201 1360 287 1422 litoni
301 1382 424 1420 manum
440 1362 588 1444 porrigit5
602 1375 632 1420 et
643 1374 771 1444 uterque
785 1383 815 1422 se
832 1364 889 1423 for-

156 1517 157 1520 ,
202 1464 411 1532 tissimimilitis
421 1467 518 1556 officio
533 1468 705 1528 functurum
715 1467 886 1548 pollicetur.

242 1589 366 1648 Interim
381 1590 470 1650 tacito
493 1612 596 1672 gressu
618 1611 709 1672 usque
729 1591 768 1650 ad
788 1604 888 1650 extre-

202 1719 283 1756 mam
316 1695 509 1756 dumetorum
547 1709 664 1776 partem
694 1699 885 1778 perveniunt.

202 1802 360 1862 Robinson
389 1800 505 1862 comitis
513 1858 516 1866 ,,
531 1801 596 1860 auri
610 1865 612 1872 .
627 1801 795 1860 insusurrat
810 1847 819 1875 ,
847 1813 887 1866 ,nt

201 1899 292 1980 quam
307 1897 473 1958 cautissime
489 1912 558 1982 post
570 1921 711 1982 maguam
724 1903 887 1982 quamdam

201 2002 340 2062 arborem
365 1999 490 2082 adrepet
515 2001 678 2082 redeatque
704 2000 759 2060 sibi
788 2001 886 2064 decla-

163 2147 165 2152 .
200 2116 320 2164 saturus
331 2126 405 2164 num
418 2105 518 2164 hostes
527 2101 599 2178 inde
612 2103 744 2185 conspici
760 2101 883 2184 possint.

204 2205 362 2277 Vepdredi
384 2205 520 2288 reversus
546 2205 664 2282 nuntiat
685 2203 798 2286 optime
819 2205 884 2265 illos

200 2308 352 2386 observari
365 2331 457 2390 posse·
462 2353 479 2382 ‚.
497 2309 599 2394 ignem
616 2309 882 2384 circumsidentes,

199 2431 323 2490 ossaque
337 2413 456 2475 alterius
467 2414 576 2498 captivi
585 2415 647 2498 jam
659 2413 780 2474 mactati
791 2427 883 2474 assata

198 2513 355 2596 rodentem
386 2518 516 2580 alterum
538 2541 600 2580 non
629 2519 733 2600 procul
756 2520 793 2578 ab
826 2521 882 2579 iilis

197 2619 332 2692 uinctum
363 2619 486 2702 jacer03
518 2621 599 2683 huuc
623 2642 659 2680 ex
680 2621 747 2680 albo
771 2643 878 2702 genere
942 2645 944 2698 t

195 2721 354 2796 hominum
365 2723 464 2789 videri
468 2767 477 2803 ‚
489 2736 519 2784 et
529 2726 596 2808 pari
604 2725 670 2788 neci
684 2723 874 2813 destinatum.
943 2767 944 2786 2

941 2795 944 2910 t
