1982 3398
216 245 258 308 56
461 244 663 308 Ronrnson

257 370 337 432 cum
349 392 431 434 nunc
442 372 553 434 certior
565 381 641 433 esset
660 391 691 431 se
703 389 789 452 posse
805 392 911 454 quam·

216 478 260 541 vis
272 476 381 540 misere
393 487 557 538 sustentare
566 476 678 550 vitam,
701 477 763 558 jarn
776 477 908 538 maximi

217 579 357 642 sollicitus
378 590 443 651 erat
462 579 523 662 qub
548 599 580 640 ee
601 577 618 638 ὲ
638 577 707 638 ferie·
732 577 906 640 homiuibus

215 695 269 744 aut
288 682 389 746 bestiis
409 693 510 744 tutum
530 664 686 764 reciperet.

257 787 337 850 Tum
356 788 388 850 iu
408 799 545 850 montem
561 805 734 860 summum,
756 784 854 868 aegre,
870 798 906 846 ut

215 907 281 956 erat
293 894 361 956 satie
375 894 522 967 excelsus,
536 890 690 966 ascendit,
712 889 792 952 unde
811 890 903 972 quim

214 995 355 1059 latissime
397 993 626 1074 circumspicere
662 1003 781 1076 poterat
792 1016 803 1072 ς
848 978 903 1054 'sed

213 1111 341 1184 quantus
358 1117 429 1159 eum
443 1111 542 1159 terror
553 1097 680 1173 invasit,
696 1097 765 1162 citm
778 1095 902 1158 vidisset

212 1223 244 1264 ae
263 1222 326 1264 esse
346 1201 378 1261 iu
391 1201 506 1279 inauli,
527 1222 625 1284 neque
644 1201 736 1262 ullam
756 1201 899 1276 omnin‘o,

212 1304 305 1390 quim
332 1303 421 1388 longi
442 1287 536 1364 aciem
557 1305 714 1366 oculorum
742 1303 900 1366 intendere

210 1422 327 1494 posset,
347 1422 459 1471 terram
471 1430 616 1493 apparere
632 1420 739 1491 praeter
753 1421 812 1470 tres
831 1431 899 1492 par·

211 1535 261 1576 vas
283 1515 390 1578 insulas
406 1537 471 1599 quaa
484 1513 578 1598 spatio
599 1514 712 1596 aliquot
725 1513 898 1576 milliarium

209 1617 381 1702 interjecto,
396 1638 432 1678 ex
442 1635 561 1700 aequore
573 1611 761 1697 eminebant!

249 1743 335 1806 Heu!
352 1765 401 1806 me
415 1739 574 1804 miserum!
592 1739 746 1813 exclamat,
757 1735 896 1798 manibus

210 1850 248 1910 ad
269 1850 378 1913 coelnm
401 1845 608 1909 miserabiliter
634 1841 765 1904 sublatis.
784 1842 834 1902 Me
855 1861 894 1900 ne

209 1951 247 2011 ab
271 1952 431 2014 hominum
456 1945 636 2025 commercio
658 1945 700 2004 ita
724 1943 893 2026 sejunctum

204 2075 289 2129 esse,
312 2068 347 2115 ut
357 2055 431 2115 mihi
444 2055 475 2114 in
486 2053 543 2114 hte
556 2049 714 2113 solitudine
726 2046 891 2108 vivendum

209 2156 248 2216 eit
266 2155 349 2214 velut
368 2153 566 2217 sarabastia!
590 2155 659 2215 Heu
678 2164 817 2236 parentes
831 2172 892 2233 op·

207 2252 294 2314 timi!
315 2270 470 2335 uunquam
489 2254 580 2337 igitur
599 2274 655 2336 ego
675 2275 729 2315 vos
741 2251 889 2316 revisam!

207 2355 370 2441 Nunquam
381 2356 481 2420 licebit
494 2353 586 2439 eulpae
598 2377 671 2419 mea
683 2356 802 2420 veniam
817 2365 894 2418 exn·'

207 2461 290 2526 rare!

246 2567 286 2628 Et
297 2565 338 2632 ric
351 2566 454 2660 dolens
468 2565 671 2638 dercenditde
683 2577 804 2636 moute,
825 2564 887 2625 cir-

690 2689 888 2755 cumsprcrcna
