1982 3398
200 244 260 304 50.
313 299 314 304 ,
440 247 639 308 Rournsort

240 371 318 431 Mira
332 371 399 432 coeli
410 370 550 432 matutini
562 383 625 431 erat
647 360 799 432 serenitas.
823 370 891 434 Sua

201 476 345 536 redeunte
357 476 423 536 luce
438 475 558 557 singulis
571 473 660 536 rebus
674 475 773 536 forma
786 475 892 536 redie-

202 592 259 643 rat.
283 578 334 640 Sol
356 581 452 640 oriens
467 579 627 654 clarissimo
642 581 775 666 fulgebat
788 581 892 663 splen-

204 679 277 740 dore
299 680 382 762 quasi
404 701 440 740 ex
461 701 573 742 oceano
595 691 780 764 emergeret,
794 680 891 742 arbo-

205 805 333 867 rumque
348 785 502 846 cacumina
513 784 606 846 veluti
622 785 789 870 inaurabat.
803 785 894 844 Mul-

205 899 242 950 tae
256 889 389 970 undique
402 909 469 950 aves
482 889 577 964 variis,
583 889 726 971 mirisque
736 887 822 970 pictae
835 911 895 950 co-

206 991 319 1052 loribus
332 1012 452 1050 carmen
464 992 610 1052 canebant
620 993 819 1066 matutinum,
836 1015 896 1054 au-

207 1115 310 1154 roram
326 1093 496 1154 salutantes.
517 1095 596 1156 Puro
617 1095 785 1178 frigideque
805 1113 897 1176 aere,

207 1195 295 1256 flores
323 1194 530 1257 suavissimum
550 1197 676 1260 odorem
703 1194 895 1262 exhalabant.

247 1299 409 1366 Robinson
429 1301 529 1385 gaudii
550 1313 580 1366 et
601 1303 788 1387 gratitudinis
805 1324 901 1367 senen

210 1411 396 1460 commotus:
411 1402 467 1464 ch
481 1423 620 1485 quoque,
635 1405 692 1479 ait,
706 1404 755 1465 hle
768 1405 849 1464 Deus
863 1424 899 1466 se

210 1501 457 1586 benignissimum
470 1503 609 1567 declarat.
626 1507 705 1567 Tum
713 1525 819 1570 vocem
831 1505 899 1588 ipse

212 1630 298 1674 suam
319 1607 569 1678 cantibuwium
583 1609 724 1688 miscuit,
744 1609 899 1693 verbaque

214 1712 320 1776 cecinit
334 1733 399 1796 quae
411 1711 505 1795 pietas
519 1713 706 1796 suggerebat.

253 1843 333 1905 cam
345 1847 507 1908 nouason
520 1843 538 1903 a
550 1843 649 1906 bestiis
663 1829 901 1930 feriuntque·

214 1946 301 2008 nibus
316 1941 371 2010 sibi
382 1959 516 2010 metuere
529 1966 591 2006 non
606 1945 756 2020 desiisset3
771 1946 802 2005 in
814 1945 902 2006 itine-

215 2066 248 2105 re
268 2049 362 2126 sylvas
383 2049 565 2131 dumetaque
585 2049 687 2110 sedulb
706 2047 838 2124 vitabat,
863 2069 901 2110 ea

214 2160 317 2209 autem
338 2154 460 2231 petebat
479 2155 544 2214 loca
568 2153 620 2212 ubi
644 2153 735 2236 quam
758 2151 901 2214 latissime

215 2265 333 2337 pateret
353 2268 538 2338 prospectus.
553 2255 605 2318 llla
618 2270 719 2317 autem
731 2258 796 2340 ipsa
814 2269 902 2320 erant

216 2357 346 2422 maximia
358 2359 440 2418 nuda
454 2358 631 2440 steriliaque.
651 2361 796 2439 Quamvis
809 2361 903 2443 igitur

217 2459 286 2524 ratis
296 2459 421 2544 longum
431 2461 561 2544 spatium
569 2483 705 2525 emensus
717 2475 813 2539 esset,
826 2465 903 2529 nihil

217 2577 320 2628 tamen
331 2557 485 2628 invenerat
497 2567 580 2652 quod
590 2569 645 2630 sibi
656 2569 755 2652 aliqud
766 2590 803 2630 ex
815 2582 902 2652 parte

218 2667 383 2769 prodesset.
411 2665 547 2737 Tandem
576 2669 609 2736 in
634 2669 774 2763 fruticem
796 2668 904 2733 incidit
