1968 3378
208 221 246 282 72
445 196 647 257 Robinson

209 319 254 386 nis
266 321 521 404 earnefrepletam
544 319 701 399 condidit,
722 320 800 382 ostio
816 319 898 383 cellae

209 423 328 486 intextis
348 422 509 483 ramalibus
532 421 662 482 occluso.

250 529 408 608 Reliquum
431 550 448 588 a
469 527 593 586 meridie
614 538 734 610 tempus
756 529 898 610 jucunda

211 628 406 694 ambulationi
418 628 567 710 impendit
585 639 618 687 ut
631 629 765 688 animum
778 650 900 692 recrea-

211 746 259 795 ret
266 758 275 812 3
301 755 392 815 quam
405 734 445 795 ob
460 755 578 794 causam
595 733 632 793 ad
648 733 730 793 littus
752 733 843 794 maris
867 753 899 793 se

212 839 361 914 contulit,
383 838 462 903 unde
482 839 577 898 suavis
600 859 673 898 aura
695 837 828 919 spirabat
839 840 901 920 qud

213 943 289 1004 aeris
311 954 397 1002 aestus
418 941 573 1024 paululum
598 941 835 1024 temperabatur.
854 939 901 1000 lbi

214 1045 288 1104 dum
297 1063 400 1103 seeum
411 1044 566 1125 spatiatur,
576 1045 665 1104 valde
678 1045 842 1104 delectatus
854 1055 902 1105 est

214 1155 337 1224 aspectu
347 1143 437 1204 maris
450 1142 589 1205 immensi
610 1145 693 1226 cujus
707 1145 797 1227 plana
811 1144 901 1206 facies

214 1239 354 1306 fluctibus
375 1267 437 1308 sese
458 1247 587 1308 invicem
605 1249 665 1308 loni·
677 1249 762 1332 lapsu
786 1249 904 1332 pellen-

216 1349 296 1412 tibus
317 1351 368 1412 vix
390 1352 587 1435 crispabatur.
611 1355 669 1415 Hic
686 1353 787 1415 animo
808 1353 903 1418 affee-

187 1544 193 1549 .
217 1469 266 1536 tus
282 1501 291 1530 ,
305 1460 408 1522 oculos
419 1462 450 1532 in
462 1483 529 1534 eam
540 1473 691 1525 terrarum
702 1474 818 1546 partem
832 1485 905 1526 con·

217 1558 309 1619 vertit
330 1559 362 1620 in
383 1563 443 1642 qua
468 1563 523 1624 sita
546 1575 612 1622 ¹erat
632 1585 700 1626 cara
712 1563 767 1624 sibi
780 1564 904 1646 patria,

218 1661 347 1744 clamque
365 1663 428 1730 haec
450 1667 636 1748 optimorum
655 1680 815 1750 parentum
832 1688 905 1728 me-

208 1763 347 1826 moriam
363 1765 604 1847 desideriumque
620 1778 811 1847 renovarent,
824 1789 906 1830 non·

218 1869 305 1928 nullae
321 1869 434 1930 oborta
450 1881 520 1930 sunt
531 1869 682 1953 lacryme·
764 1935 767 1948 ‚

265 1972 363 2052 Atque
385 1973 426 2031 sic
447 1970 654 2032 obambulanti
674 1972 757 2034 venit
771 1971 907 2034 inmen'·
982 1977 983 1980 ’

220 2089 282 2136 tem
296 2077 351 2136 sibi
358 2097 422 2136 non
434 2077 511 2138 male
524 2077 588 2138 fore
602 2077 625 2136 si
638 2099 747 2160 corpus
758 2077 907 2157 ablueret,

220 2179 269 2240 ad'
281 2178 450 2261 squalorem
472 2179 700 2262 detergendum.
722 2181 841 2242 Vestem
854 2183 908 2266 igi-

221 2293 272 2340 tur
293 2278 441 2362 deposuit.
457 2277 500 2338 Ut
512 2280 584 2340 verb
599 2283 714 2365 stupuit
725 2295 845 2364 aspecto
858 2284 907 2346 in·

222 2383 308 2446 dusio
332 2383 415 2464 quod
435 2382 558 2444 unicum
577 2383 725 2450 habebat!
753 2388 909 2467 Quoniam

221 2485 255 2551 in
278 2483 400 2570 regione
425 2497 490 2550 tam
515 2483 611 2552 calida
642 2509 800 2574 nunquam
832 2486 909 2560 illud

764 2627 906 2694 exuerat,
