1968 3378
350 262 550 327 Cansorus.
731 284 786 348 ¹¹5

80 393 83 398 ’
99 407 205 450 tecum
230 388 373 462 abstulit,
391 412 518 470 quarum
545 412 637 472 grana
650 407 785 453 serereta

101 491 219 568 Quidni
235 535 243 562 ‚
257 491 297 551 ait
307 491 354 550 ille
371 513 472 552 secum
485 539 494 567 ,
509 495 572 554 fieri
587 496 679 576 possit
691 508 724 556 ut
750 517 784 558 ex

100 592 137 650 iis
163 591 292 674 aliquam
318 594 391 652 olim
417 595 575 656 utilitatem
599 595 784 677 percipiam?

141 696 246 756 Ponet
268 696 340 756 verb
365 699 476 780 reperit
498 719 617 780 quoque
644 700 784 760 arborem

99 797 275 879 frugiferam
295 799 326 858 in
345 821 435 882 quam
448 801 535 860 antea
549 821 611 860 uon
625 801 782 861 inciderat.

100 905 244 986 bapsulas
259 925 367 965 crassas
379 905 545 987 pendentes
553 906 628 966 vidit
637 951 645 980 ,
655 887 785 988 quarum

99 1027 191 1064 innam
201 1003 271 1064 ciam
282 1005 491 1087 confregisset,
505 1008 653 1088 sexaginta
666 1009 784 1067 circiter

100 1110 182 1168 fabas
207 1109 332 1169 invenit.
353 1111 496 1187 Quamvis
519 1133 655 1194 saporem
671 1114 782 1194 jucnn-

101 1214 175 1272 dum
188 1214 219 1272 in
238 1214 273 1272 iis
289 1236 350 1273 non
370 1215 625 1296 deprehenderet,
650 1229 782 1276 attamen

9 1386 10 1389 Ἴ
100 1335 192 1374 unam
213 1334 248 1372 ex
261 1314 295 1372 iis
316 1335 379 1395 quae
403 1315 458 1374 sibi
479 1317 625 1374 maturior
641 1318 701 1376 visa
715 1329 759 1376 est
771 1360 780 1388 ,

10 1403 11 1424 i

101 1439 179 1502 pera
198 1439 257 1498 suae
277 1419 436 1478 commisit.
462 1419 557 1478 Erant
580 1419 653 1478 fabae
672 1442 782 1479 cicro-

9 1494 11 1528 i'
102 1539 181 1582 rtem
191 1560 201 1599 ,
213 1521 228 1580 ὲ
243 1520 445 1602 quibuspotus
459 1541 634 1580 cacao‘rrcus
648 1533 779 1602 paratur.

9 1596 13 1686 t

140 1623 277 1686 Tandem
285 1621 422 1685 arborem
433 1623 584 1705 ingentem
596 1623 650 1682 sibi
660 1620 781 1704 prorsus

9 1711 15 1800 i
100 1727 236 1809 ignotam
250 1725 362 1786 invenit
380 1770 388 1797 ,
404 1727 487 1805 cnjus
500 1725 614 1784 fructus
625 1744 714 1784 nuces
727 1743 780 1783 co-

100 1853 188 1894 cossae
206 1829 410 1912 magnitudine
434 1829 599 1912 aequabant.
628 1829 688 1906 Qui
712 1850 782 1888 eum

100 1937 257 2019 putamina
271 1935 351 1994 nulla
372 1935 535 2009 haberent,
558 1955 694 2016 saporem
710 1931 781 1993 verb

99 2035 374 2119 jucundissimum,
404 2036 461 2094 toti
482 2035 598 2096 comedi
627 2043 778 2118 poterant.
846 2065 848 2072 ·

101 2141 202 2202 Arbor
231 2139 295 2221 ipsa
315 2139 444 2200 multum
465 2139 610 2202 dissimilis
640 2153 703 2202 erat
725 2163 780 2202 co·

100 2265 200 2305 cossas.
216 2241 286 2304 Nou
299 2243 378 2302 enim
396 2255 503 2304 trunco
518 2243 634 2303 tantbm
660 2256 780 2306 consta·

98 2348 151 2407 bat
166 2346 217 2429 qui
227 2335 367 2426 erigitur,
383 2347 636 2426 quemadmodum
647 2371 776 2426 cocossa,

99 2473 154 2511 nee
173 2451 205 2508 in
220 2469 362 2510 coronam
377 2469 555 2530 magnorum
576 2451 715 2512 foliorum
729 2473 780 2511 sn-

99 2553 194 2638 perne
215 2551 322 2612 desinit
335 2575 346 2631 5
370 2551 422 2611 sed
447 2567 532 2614 erant
549 2557 611 2637 ejus
635 2555 709 2615 rami
733 2553 779 2611 fo·

101 2659 199 2742 liaque
227 2655 309 2738 quasi
326 2667 497 2720 nostrarum
515 2658 656 2725 arborum
677 2653 781 2738 pomi·
