1976 3366
204 246 264 328 rqb
447 243 643 302 nosiacus

202 368 287 440 dare,
295 365 453 448 superfusis
465 365 604 425 fluetibus
617 363 785 434 conditum,
797 385 893 424 mox·

203 491 279 553 que,
292 480 428 552 stupente
442 481 472 528 et
484 471 570 528 anxio
580 467 771 541 Robinsone,
786 469 890 528 subiti)

202 593 367 657 emergere,
376 575 524 654 uariisque
534 569 633 632 incdit
644 593 753 653 corpus
761 572 890 652 agitare.

242 675 306 740 Nec
329 681 485 736 Robinson
503 675 571 736 satis
592 674 696 734 mirari
710 675 811 754 potnit
832 677 893 735 ho·

200 778 316 838 minem
339 801 357 838 a
374 779 480 838 naturt
498 789 544 838 tot
566 789 597 836 et
615 788 710 836 tantas
733 777 892 838 facultates

202 880 342 942 sortitum
353 899 427 950 esse,
437 876 574 959 utparsit
584 875 724 936 omnibus
734 896 892 958 exequen-

203 987 247 1046 dis
266 984 373 1066 quibus
384 982 499 1066 juvenis
510 981 657 1044 laboreac
676 981 892 1046 exercitatione

201 1086 380 1149 assuefactus
402 1097 454 1146 est.

240 1188 312 1248 Aliis
338 1188 444 1258 diebus
470 1183 607 1260 vertendo
637 1188 800 1268 delectari3
830 1210 889 1254 nec

205 1291 365 1352 Vendredi
380 1290 410 1348 in
422 1311 495 1352 areu
504 1290 680 1372 sagittisque
692 1290 886 1352 conficiendis

199 1393 292 1476 quim
313 1393 345 1452 in
368 1391 544 1455 adhibendis
569 1394 693 1474 peritior
716 1408 791 1453 erat.
806 1398 885 1454 Aves
940 1441 941 1460 ἶ

198 1497 354 1580 pullosque
370 1497 516 1560 laruarum
525 1497 712 1580 dejiciebant,
726 1495 884 1576 nunquim
940 1487 941 1538 l

198 1601 271 1660 verb
285 1603 385 1684 plures
399 1601 490 1683 quim
505 1601 557 1683 qui
574 1601 630 1662 sibi
654 1612 751 1660 essent
773 1600 814 1660 ad
834 1600 883 1660 vi·
940 1635 941 1670 2

197 1709 331 1772 rendum
343 1707 508 1770 necessarii.

237 1837 301 1896 Etsi
321 1847 421 1895 autem
445 1839 602 1896 Robinson
623 1836 737 1895 socium
761 1835 879 1916 ingenio

196 1940 402 2022 industriique
411 1938 548 2000 vincebat
562 1985 570 2012 ,
586 1941 636 2000 hic
653 1953 753 1999 tamen
772 1940 879 1998 multas

196 2053 274 2100 artes
302 2042 451 2115 callebat,
476 2041 598 2102 domino
624 2041 710 2102 antei
740 2041 877 2123 ignotas,

195 2153 268 2202 tunc
293 2142 365 2203 verb
390 2144 517 2205 maximb
540 2145 639 2220 utiles.
659 2144 779 2205 Scilicet
798 2146 877 2206 varia

194 2244 392 2308 instrumenta
411 2269 447 2310 ex
468 2250 581 2310 ossibus
597 2294 605 2322 ,
620 2247 787 2330 lapidibus,
803 2269 875 2310 con-

193 2343 280 2417 chis,
304 2345 425 2429 aliisque
451 2352 538 2410 rebus
558 2349 688 2432 lingebat
711 2349 818 2430 quibus
836 2349 875 2406 li-

194 2471 289 2532 gnum
298 2451 344 2508 ita
357 2455 502 2514 tractabat
516 2465 622 2514 utnon
635 2453 767 2535 perfecta
778 2451 876 2512 minti

194 2565 283 2636 atque
305 2553 457 2614 elaborata
482 2579 572 2640 opera
594 2557 723 2618 efficeret
744 2557 874 2640 quimsi

193 2662 272 2722 ferro
293 2661 389 2723 excisa
412 2675 509 2724 esseut
529 2675 581 2723 aut
600 2663 750 2723 fabricata.
