1976 3366
220 305 284 393 17'4'
461 309 662 367 Rosiusorr

217 437 366 521 ejusmodi
380 447 558 505 texuerunt,
576 443 610 490 ut
627 433 772 492 idoneum
787 433 914 516 utrique

217 540 430 601 vestimentum
446 545 628 620 suppeteret.
644 533 673 592 Ο
690 535 783 615 quam
797 539 914 618 jucnn-
943 581 946 586 .

219 644 295 706 dum
319 644 494 704 Robinsoni
513 638 569 697 fuit
596 637 723 721 abjicere
744 639 914 700 amiculum

219 749 304 821 istud
323 749 507 826 molestum,
534 769 549 807 e
568 747 701 831 'pellibus
726 745 834 828 rigidis
860 768 916 806 nec

217 855 349 915 subactis
364 853 535 916 consectum
551 877 612 936 quo
623 853 787 934 hucusque
800 874 914 935 eorpus

220 958 277 1042 ipsi
293 957 455 1042 tegendum
470 959 578 1020 fuerat.

204 1140 208 1146 ἡ
266 1063 426 1121 Veurlredi
436 1065 525 1124 etiam
540 1083 555 1122 e
568 1063 649 1123 fibris
658 1085 771 1125 nucum
783 1083 915 1122 cocossae
982 1109 983 1112 η

220 1166 369 1246 variisque
383 1167 483 1227 herbis
498 1169 551 1228 lini
566 1181 703 1228 naturam
713 1165 914 1226 referentibus
981 1167 983 1218 i

220 1265 270 1327 fita
284 1267 432 1326 educendi
446 1281 542 1327 artem
558 1269 697 1340 tenebat,
712 1268 914 1349 quaewfunicu-
982 1285 983 1288 ’

219 1370 266 1431 los
276 1393 290 1428 a
303 1373 477 1430 Ros-insono
488 1373 549 1435 buc
558 1395 651 1456 usque
660 1373 811 1434 confectos
822 1372 913 1454 long'e

223 1471 417 1555 superabant.
439 1473 463 1530 E
482 1473 536 1532 fitis
563 1475 637 1534 retia
656 1471 817 1556 piscatoria
838 1494 913 1553 pro-

220 1579 290 1660 prio
308 1577 498 1660 ac‘siugulari
512 1579 642 1646 ,artifieio
657 1575 796 1638 nectebat
810 1600 821 1656 3
844 1579 911 1660 qui-

221 1681 280 1743 bus
291 1684 321 1742 in
329 1684 469 1766 operibus
480 1685 656 1745 fabricandis
667 1683 820 1744 breviores
832 1683 912 1745 factae

222 1803 294 1847 sunt
304 1809 434 1871 vesperae
448 1813 533 1872 que,
556 1790 696 1850 omnibus
708 1789 754 1848 his
770 1787 912 1850 deficien-

221 1889 325 1970 tibus,
340 1893 468 1953 snultbm
483 1894 551 1977 ipsis
564 1894 642 1954 taedii
654 1875 831 1954 attulissent·

264 1997 380 2055 Interea
401 2000 473 2058 dum
496 1999 620 2071 sedent,
644 1999 803 2058 Robinson
825 1995 912 2057 amici

224 2097 379 2178 ingenium
395 2102 469 2160 rude
487 2103 595 2162 sensim
611 2100 766 2167 excolere,
789 2101 910 2181 ejusque

227 2215 362 2260 mentem
376 2195 458 2264 certa
472 2219 602 2287 vertique
616 2203 720 2266 notitia
731 2203 786 2261 Dei
796 2203 912 2262 imbue·

222 2321 265 2360 re.
282 2303 410 2380 Quantis
421 2307 492 2368 verb
506 2307 658 2368 erroribus
672 2326 755 2365 mens
766 2303 844 2364 iltius
856 2307 910 2367 hae

222 2406 254 2466 in
266 2425 299 2464 re
313 2406 492 2467 laboraverit
506 2431 542 2470 ex
554 2410 690 2492 sequenti
698 2407 911 2470 confabulatio·

223 2533 263 2578 ue
277 2511 360 2573 facile
375 2515 431 2573 erit
450 2515 623 2599 intelligere.

263 2623 344 2686 Ros.
357 2619 415 2686 Dic
425 2619 500 2682 mibi
508 2666 518 2697 ‚
534 2645 655 2705 quaeso,
671 2646 690 2684 o
702 2623 782 2686 boue
790 2666 800 2700 ,
815 2623 909 2686 nosti·
