1976 3366
310 320 519 382 (lausonna.
701 322 759 400 175

62 495 108 536 ιο
124 474 192 556 quis
201 495 296 546 mare,
307 475 373 556 quis
385 487 495 536 terram
506 521 513 549 ,
530 475 595 556 quis
609 475 759 557 animalia,

63 590 99 640 te
112 580 215 660 ipsum
227 579 356 661 denique
370 581 536 643 creaverit?

110 681 190 743 Van.
200 683 336 744 Profecto
347 683 355 746 l
369 690 498 762 Toupan
511 684 567 744 ista
576 681 697 744 creavit.

110 785 188 845 Ron.
205 784 353 865 Quisnam
363 797 409 846 est
425 791 555 866 Toupan
565 783 637 846 ille?

109 889 191 949 Van.
215 890 242 948 Is
260 892 312 970 qui
329 902 426 952 tonat.

110 991 186 1050 Rou.
200 991 348 1069 Quisnam
358 991 429 1055 ver'o
445 993 492 1052 ille
502 993 604 1075 estqui
613 995 721 1054 tonat?

110 1098 193 1156 Vsu.
222 1095 320 1155 Senex
346 1108 390 1158 est
414 1110 499 1158 aetate
517 1096 759 1181 provectissimus

68 1197 124 1289 qui
139 1195 278 1256 omuibus
299 1197 408 1256 ceteris
428 1199 516 1260 rebus
532 1211 680 1281 superstes
698 1210 760 1274 est,

68 1295 186 1378 quique
199 1295 315 1354 tonitru
341 1297 439 1357 efficit.
462 1299 559 1359 AEtate
579 1299 692 1371 solem,
713 1299 761 1357 lu·

68 1422 145 1460 nam
159 1399 315 1482 stellasque
328 1399 417 1483 longe
438 1413 577 1484 superat,
595 1421 759 1483 omnesque

70 1501 239 1564 animantes
250 1521 322 1560 eum
337 1504 483 1577 adorant,
500 1505 529 1563 Ο
544 1503 551 1562 l
575 1503 717 1564 dicentes.

112 1604 187 1664 lton.
204 1606 377 1684 Quemnam
387 1605 418 1663 in
431 1603 532 1664 locum
548 1615 617 1688 pust
629 1614 761 1662 mortem

70 1710 275 1794 commigrant
288 1712 333 1771 tui
346 1709 529 1792 populares?

110 1815 189 1875 Vn.
205 1817 260 1876 Ad.
272 1823 403 1896 Toupan
415 1824 619 1874 revertuntur.

114 1921 190 1982 Roa.
204 1921 337 1982 Ubinam
349 1924 421 1980 verb
433 1919 481 1979 ille
491 1917 629 1978 habitat?

113 2025 193 2084 Van.
213 2025 247 2083 ln
268 2022 386 2084 excelsis
408 2021 574 2082 montibus.

114 2130 189 2188 Bon.
204 2125 286 2188 Num
301 2125 405 2208 aliquis
417 2145 487 2185 eum
503 2125 545 2185 ibi
557 2125 655 2186 vidit?

114 2230 195 2292 Van.
218 2227 338 2287 Nemini
359 2229 402 2289 fas
428 2241 474 2289 est
494 2247 568 2286 eum·
593 2228 674 2288 adire
706 2229 763 2290 nisi

79 2333 278 2408 Onolaleis,
303 2331 336 2392 id
355 2344 399 2392 est
414 2377 423 2406 ,
447 2333 659 2396 saeerdotibus.
675 2335 719 2396 llli
733 2337 762 2396 Ο

74 2440 209 2500 dieentes
224 2457 294 2496 eum
307 2437 514 2518 interrogant,
528 2459 562 2499 ac
576 2437 685 2499 deinde
703 2461 762 2500 uuh

74 2543 120 2604 his
132 2541 269 2602 referunt
280 2539 344 2621 ejus
356 2561 509 2622 respousa.

117 2669 191 2727 Roa.
207 2665 269 2745 Qui
284 2679 384 2725 autem
404 2680 620 2748 postmortem
639 2669 678 2730 ad
694 2687 764 2728 eum

75 2770 209 2854 nigrant
224 2813 233 2851 ‚
246 2789 322 2833 unm
335 2767 474 2837 felicitate
491 2773 590 2856 aliqut
601 2767 765 2831 fruuntur?
