1968 3378
951 133 953 172 l

952 245 953 274 l

229 259 288 302 mo
468 235 664 295 Roerusou

223 385 286 424 nou
306 361 346 420 ita
364 359 620 420 contemnendum
633 356 778 438 paulatim
793 359 919 420 educa·
953 342 955 404 l

225 479 319 527 verat.
335 463 450 524 Deinde
460 462 589 542 aliquam
602 463 684 521 lactis
697 475 819 542 partem
833 465 920 523 hau-

226 571 296 630 rire.
306 571 339 627 lu
351 568 456 650 quibus
466 559 642 650 peragendis
653 565 750 646 prima
760 565 822 624 diei
834 569 917 627 hora
958 589 959 626 t

227 672 387 732 effluxerat.

240 787 246 794 '
265 776 344 836 Tum
353 777 491 836 omuibus
506 775 591 834 rebus
604 753 763 834 instructus
775 795 844 854 quae
858 796 920 834 seu

226 877 265 936 ad
279 877 400 937 tutelam
417 878 462 936 sul
479 919 487 946 ‚
511 895 562 934 seu
575 873 611 932 ad
627 873 759 932 laborem
773 874 920 954 pertine-

227 994 311 1052 rent,
325 980 387 1038 ibat
399 981 444 1039 vel
460 979 497 1038 ad
510 979 602 1050 littus,
613 979 636 1038 si
647 998 730 1040 mare
739 977 914 1048 recederet,

225 1095 336 1143 ostreas
351 1084 380 1140 in
398 1081 561 1162 prandium
580 1081 779 1150 collecturus,
801 1081 852 1140 vel
871 1079 916 1138 ad

225 1186 364 1244 arborem
373 1186 470 1264 exqud
479 1205 587 1242 navem
596 1182 739 1241 fabricare
749 1193 911 1240 statuerat.

203 1341 206 1350 .
263 1287 327 1346 sub
339 1289 445 1346 horam
465 1285 630 1362 decimam,
650 1307 718 1345 cum
740 1283 798 1344 diei
812 1286 912 1344 fervi-

224 1390 379 1452 dissimum
393 1401 510 1472 tempus
524 1404 618 1462 esset,
636 1390 771 1448 laborem
787 1393 912 1449 Robin-

226 1515 282 1554 son
302 1493 526 1558 intermittebat.
542 1491 623 1550 Tum
644 1491 691 1550 ille
713 1491 792 1549 littus
816 1514 910 1572 repe·
966 1505 968 1554 l

227 1599 327 1666 lebat,
343 1609 393 1657 aut
403 1609 515 1656 ostreae
526 1594 744 1675 conquisiturus
753 1639 761 1668 ,
777 1578 910 1658 simodo
965 1617 966 1624 ³

226 1701 314 1762 monle
328 1723 388 1761 non
401 1701 580 1770 invenisset,
602 1710 654 1756 aut
675 1699 811 1758 membra
825 1699 912 1760 lava-

226 1819 331 1879 turus,
356 1803 437 1886 quod
458 1803 502 1862 bis
521 1799 655 1882 quotidie
675 1801 772 1860 secere
786 1802 818 1860 in
839 1825 913 1862 mo·
966 1881 967 1886 ἵ

226 1929 290 1970 rem
307 1910 334 1969 ei
347 1910 471 1968 abierat.

263 2031 380 2093 Deinde
393 2033 503 2090 iterum
517 2027 608 2092 lamas
622 2029 756 2110 mulgere
764 1998 780 2101 ¹,
802 2053 908 2094 caseos

224 2131 259 2194 ex
268 2134 343 2193 lacte
354 2133 669 2214 coagulatopremere,
680 2133 906 2219 prandiumque

189 2297 191 2320 ι
223 2236 374 2299 mediocre
394 2237 541 2295 instruere
562 2237 642 2319 quod
663 2236 724 2297 ferie
744 2238 820 2299 lacte
839 2287 849 2318 ‚
875 2255 906 2301 et

223 2361 309 2401 caseo
321 2339 451 2416 receuti,
464 2341 749 2419 nonnullisostreis,
765 2344 905 2403 dimidiu·
932 2379 937 2386 ·

223 2463 281 2529 que
293 2460 369 2498 nuce
380 2461 505 2500 cocoseoe
514 2445 681 2506 constabat.
695 2445 758 2506 Nec
771 2445 810 2504 illi
823 2467 901 2526 que·

223 2545 309 2607 rendi
323 2544 404 2604 locus
417 2556 481 2603 erat
495 2545 575 2626 quod
587 2549 617 2607 in
635 2547 754 2609 fervidis
775 2548 833 2608 istis
849 2561 914 2609 re-‘

222 2649 360 2738 giombus
377 2647 514 2713 ciborum
527 2652 675 2735 appetitus
693 2653 788 2718 multi>
800 2655 902 2715 minor

848 2758 903 2821 tibi
