1962 3384
305 229 518 294 Causoeus.
695 250 751 324 247

60 372 79 404 n
106 373 173 411 non
187 375 310 434 possum
331 359 403 438 quin
422 360 600 423 humanitati
629 365 751 427 illorum

63 476 81 508 a
106 452 213 514 laudes
239 455 352 518 debitas
376 463 554 542 persolvam.
584 466 648 525 Etsi
672 468 753 540 enim

62 579 80 612 u
106 557 165 616 illis
180 559 335 622 saevissime
350 564 395 623 usi
408 565 569 640 fueramus,
582 581 682 629 tamen
695 573 752 630 mi-

62 685 79 718 »
106 663 269 724 sericordit
288 669 432 729 commoti
454 671 512 732 hoc
527 671 613 732 uobis
630 695 752 735 conces·

60 789 78 822 o
106 778 211 826 serunt
225 779 259 826 ut
271 769 302 828 iu
317 772 460 852 scaphas,
483 775 534 834 sed
552 776 651 836 cuncti
670 777 750 837 iner-

62 891 78 922 »
104 886 193 939 mes,
218 869 455 933 admitterentur.

66 977 68 982 '
105 992 121 1024 n
147 969 225 1030 Tum
238 971 268 1030 in
281 991 329 1031 eas
339 973 530 1050 desinimus,
547 981 629 1039 tanti
641 981 746 1041 multi-

62 1095 77 1126 »
104 1069 210 1129 tudine
230 1083 263 1131 ut
279 1073 356 1154 penis
372 1060 645 1160 submergerentur.
667 1084 749 1142 lnte-
803 1151 807 1158 ,

63 1195 78 1227 a
104 1169 163 1228 rim
178 1171 251 1232 durn
274 1174 312 1232 ad
328 1174 453 1236 insulam
467 1182 634 1260 proximam
648 1185 748 1244 tendi-

65 1297 79 1331 »
103 1296 173 1334 mus
184 1317 192 1348 ,
204 1287 335 1342 mutatus
347 1279 445 1340 subito
457 1269 563 1343 ventas
574 1307 627 1344 nos
639 1330 647 1359 ,
658 1308 750 1368 quan-

64 1407 79 1438 »
104 1381 215 1442 tumvis
232 1383 320 1444 remis
335 1385 472 1446 connisos
489 1431 497 1458 ‚
514 1387 544 1446 in
565 1390 658 1448 altum
674 1407 748 1471 pro*
826 1375 828 1382 ‚

63 1512 89 1551 n,
103 1487 190 1568 pulit.
208 1487 285 1546 Turn
305 1488 377 1546 vero
401 1489 670 1568 praesentissimum
692 1493 748 1552 suit

63 1615 78 1646 a
104 1583 171 1648 vitae
180 1589 349 1650 discrimen.
360 1593 499 1650 Attamen
511 1593 636 1672 scaphae,
646 1615 748 1674 quam-

64 1722 79 1752 »
103 1693 147 1754 vis
160 1693 287 1753 maxime
305 1706 433 1754 oneratae
446 1705 475 1752 et
485 1695 623 1754 fluctibus
636 1695 747 1756 crebris

64 1823 79 1854 »
102 1801 235 1879 jactatas,
250 1799 401 1860 undarum
414 1800 476 1860 vim
490 1799 689 1882 superabant3
713 1788 747 1860 ac

64 1928 79 1960 o
104 1901 227 1962 demum
238 1915 346 1984 praeter
359 1925 480 1964 omnem
493 1905 747 1987 expectationem,

65 2033 80 2065 a
103 2006 222 2066 nemine
235 2006 342 2068 amisso
355 2051 363 2081 ‚
376 2008 414 2068 ad
421 2008 549 2070 insulam
563 2008 651 2090 plan‘e
664 2007 748 2090 igno-

66 2138 81 2170 »
106 2123 168 2183 tam
176 2111 277 2170 deletae
289 2123 376 2189 sunt‚·
385 2115 468 2194 cujus
479 2114 517 2172 ab
529 2113 631 2178 incolis
642 2113 751 2172 huma*

67 2240 82 2271 n
104 2214 223 2274 nissimi
231 2214 345 2298 excepti
356 2237 469 2275 sumus.
480 2215 580 2274 Vitam
592 2215 745 2298 apudillos

67 2341 81 2372 a
105 2313 164 2374 hirc
176 2335 269 2395 usque
282 2314 428 2396 degimus,
439 2335 493 2374 suo
502 2314 630 2395 quisque
639 2315 744 2388 modo,

68 2445 82 2478 o
105 2418 212 2480 misero
238 2419 289 2479 illo
318 2417 464 2498 quidem3
491 2416 611 2480 barbari
633 2419 744 2501 quippe

67 2550 82 2582 a
104 2523 219 2584 nullium
232 2544 339 2604 agrum
353 2532 521 2583 exercentes
533 2521 662 2603 piscibus
676 2533 747 2580 tan-

68 2627 168 2695 atum
190 2626 395 2708 fructibusque
425 2637 597 2689 vescuntur.
625 2625 670 2688 llli
688 2645 748 2725 no-¹
