1976 3366
307 216 524 276 Crusorus.
699 237 758 300 227

49 317 223 425 tutideque
238 343 329 426 copiae
351 344 563 404 conderentur.
579 345 613 404 ln
626 346 758 426 quoqui-

54 449 138 508 dem
154 447 311 522 fabrorum
325 447 520 529 lignariorum
535 471 581 509 ars
602 449 657 508 illis
670 469 757 509 exer·

55 550 166 636 cenda
187 549 264 621 suit,
287 571 378 630 quarn
398 561 505 610 neuter
526 550 681 610 didicerat.

107 653 273 713 Tuncvero
287 653 404 712 nullum
422 665 486 713 erat
501 645 575 735 opu‘s
594 655 676 735 quod
691 660 755 714 Ro-

58 755 205 812 binsonis
217 753 395 812 industriam
408 753 618 834 solertiamque
630 753 756 815 difficul-

60 865 131 914 tate
145 853 288 913 vinceret.
301 854 404 933 ltaque
417 853 495 913 facili
502 854 622 936 negotio
634 855 755 915 arbores

62 957 268 1030 detruncare,
289 957 387 1016 trabes
401 958 584 1039 conjungere
591 970 680 1040 atque
692 959 754 1018 eri·
782 971 785 977 ’

63 1080 167 1142 gere,
187 1059 314 1142 parietes
337 1059 479 1120 lateritios
499 1063 668 1143 conficere;
689 1084 754 1144 quae

64 1181 138 1222 casa
149 1159 225 1220 foliis
240 1181 365 1222 cocossae
377 1171 456 1222 tecta
469 1162 595 1244 tuguriis
609 1163 755 1246 agricola-

66 1285 141 1323 rum
154 1274 329 1324 nostrorum
349 1263 431 1346 haud
451 1265 591 1326 absimilis
609 1279 682 1330 erat.

112 1367 218 1428 Posteri
229 1367 369 1428 omnibus
381 1411 389 1441 ,
404 1380 501 1449 utpar
511 1383 596 1443 erat,
613 1370 752 1446 conditis,

67 1475 229 1534 Robinson
255 1491 354 1533 arcem
375 1471 493 1530 munire
520 1472 683 1532 constituit.
712 1475 756 1532 Ac

67 1576 172 1662 primo
184 1623 193 1650 ,
208 1589 244 1636 ut
257 1588 342 1637 erant
355 1597 436 1636 nunc
451 1575 552 1634 ferreis
563 1574 674 1656 spathis
694 1577 754 1634 ins-

67 1682 181 1754 tructi,
196 1681 273 1742 fossa
285 1703 350 1763 quar
372 1679 510 1761 cingebat
536 1697 634 1738 arcem
654 1679 694 1738 ita
707 1699 756 1738 re-

68 1784 150 1844 secta
164 1793 208 1840 est
227 1791 261 1840 ut
274 1793 350 1841 esset
361 1780 449 1840 latior
462 1780 621 1860 altiorque.
636 1780 753 1841 Deinde

67 1898 171 1972 postes
195 1885 371 1968 eriguntur,
397 1903 533 1966 ponsque
549 1885 692 1944 versatilis
712 1885 755 1944 ita

70 1991 237 2054 adstruitur
251 2002 285 2049 ut
306 2001 421 2050 erectus
443 1989 480 2049 sit
491 2011 547 2071 pro
559 1991 657 2070 portd.
674 1989 754 2051 Tum

69 2105 223 2158 tormenta
247 2092 277 2152 iu
298 2112 419 2175 *aggere
445 2091 647 2167 collocantur,
677 2091 754 2154 binis

70 2201 233 2267 dextrum,
248 2197 325 2258 binis
345 2197 497 2256 sinistrum
513 2197 589 2257 latus
611 2195 754 2258 totidem-

70 2327 137 2389 que
148 2305 253 2366 faciem
273 2304 383 2364 castelli
396 2303 561 2374 tuentibus.
582 2303 669 2364 Nunc
680 2305 753 2365 lioe·
801 2355 805 2364 .

69 2415 125 2472 bat
143 2412 179 2470 ab
201 2412 316 2492 impetu
330 2407 527 2496 barbarorum
542 2425 604 2464 esse
623 2407 751 2477 securis,

72 2524 163 2592 atque
183 2506 310 2592 insuper
325 2503 444 2590 ¹patebat
462 2505 531 2590 ipsit
551 2503 643 2568 facilia
656 2505 754 2568 aditus
780 2520 783 2527 ·
801 2545 804 2552 -

72 2616 236 2695 exitusque.
