1962 3384
198 279 259 356 246
415 277 654 336 Roususon

200 433 216 466 u
239 418 331 468 noctu
341 427 436 488 prope
449 405 578 465 insulam
592 405 757 487 quamdam
771 405 805 466 in
820 429 901 468 sco·

201 538 215 570 »
238 512 324 592 pulos
351 512 493 592 conjecta.
523 509 673 570 Nonnulla
699 511 897 592 explosinius

201 639 216 671 o
240 625 400 686 tormenta,
415 625 445 672 et
458 613 542 674 sicuti
556 614 619 672 fieri
633 615 718 685 solet,
735 615 898 696 significa-

200 740 335 778 »vlmus
362 741 417 777 nos
438 741 468 777 ΙΙΙ
496 717 664 778 dtscrlmlne
691 739 832 790 versam,
864 731 898 778 et
969 741 975 818 ⁴

200 849 214 880 o
238 823 394 883 statuimus
413 843 520 882 navem
533 822 663 902 ‚quoad
684 821 749 880 fieri
762 835 898 904 posset,

198 952 214 984 o
238 949 300 988 non
328 927 473 987 deserere.
506 927 570 986 Huc
598 938 698 985 mente
722 945 893 987 servornm

200 1055 215 1086 u
237 1031 395 1110 nigrorum
408 1029 523 1088 vincula
539 1028 698 1099 solvimus,
721 1041 756 1086 ut
770 1029 813 1086 illi
828 1051 891 1089 uos

200 1155 215 1186 a
239 1129 276 1187 ad
290 1151 398 1209 aquom
413 1129 544 1209 undique
559 1149 613 1209 pei·
629 1149 788 1210 compages
803 1130 890 1188 luxa-

196 1255 214 1288 »
237 1243 281 1291 tas
308 1231 511 1290 abundantem
535 1232 730 1290 hauriendam
757 1233 886 1313 adjuva-

172 1363 214 1424 No
237 1349 313 1397 rent.
344 1337 406 1412 Qui
426 1336 514 1396 simul
540 1339 648 1397 liberos
673 1359 703 1396 se
726 1338 880 1410 sentiunt,

199 1466 215 1498 o
238 1441 314 1500 sactu
327 1439 547 1521 conspiratione
562 1485 570 1514 ,
595 1439 715 1520 scaphas
730 1451 882 1520 occupant

197 1570 214 1600 o
239 1545 277 1603 ad
299 1543 466 1603 libertatem
487 1537 574 1603 simui
588 1545 740 1624 vitamque
756 1563 882 1603 servan-

199 1647 319 1706 »dum.
351 1645 430 1703 Tum
456 1644 559 1724 inopes
594 1643 707 1705 consilii
727 1643 877 1702 hosimus.

198 1773 213 1802 u
235 1748 303 1808 litos
319 1745 398 1805 enim
411 1745 441 1803 vi
454 1744 587 1804 adhibita
606 1743 732 1826 cogendi
746 1756 879 1826 potestas

198 1873 212 1902 u
236 1848 320 1906 uobis
336 1867 397 1906 uon
412 1857 475 1904 erat
487 1869 497 1923 5
511 1845 622 1926 quippe
636 1867 690 1905 nos
705 1845 880 1925 quindecim

153 1958 159 1978 ¹
198 1972 213 2004 o
235 1969 382 2021 numero,
404 1947 445 2006 illi
460 1945 636 2027 octoginta,
657 1945 744 2004 multi
757 1967 877 2027 quoque

196 2073 211 2104 >s
235 2070 340 2110 eorum
360 2050 467 2132 nostris
489 2048 578 2107 armis
595 2048 693 2128 potiti.
710 2048 815 2129 Neque
827 2059 877 2106 ta·

121 2149 124 2154 ‘
196 2175 210 2206 a>
234 2171 302 2210 men
316 2151 414 2210 minius
431 2170 537 2230 anceps
557 2148 724 2230 poticulam
742 2160 806 2207 erat
823 2149 876 2207 de-

196 2279 210 2309 o
234 2251 342 2312 relictis
357 2254 388 2312 in
409 2273 484 2313 nave
497 2253 624 2334 scopulis
641 2253 771 2311 haerente
785 2296 793 2324 ‚
812 2252 873 2312 sine

194 2381 209 2415 o
233 2355 412 2437 scaphurum
439 2357 556 2418 auxilio.
582 2356 630 2415 nd
660 2353 762 2437 preces
786 2355 875 2438 igitur

196 2485 210 2518 o
234 2455 420 2540 confugimus
441 2507 447 2532 ,
466 2481 525 2521 veos
555 2471 673 2520 orantes
705 2459 756 2540 qui
786 2459 872 2540 paulo

104 2598 107 2604 ·
195 2592 210 2622 α
234 2560 301 2621 ante
323 2558 399 2619 servi
422 2573 526 2634 erant,
557 2572 591 2622 ut
615 2561 664 2621 vel
686 2573 871 2620 remanerent

194 2691 208 2724 s
231 2666 278 2728 vel
301 2681 482 2726 nos-secum
503 2664 696 2726 abducerent.
723 2665 782 2726 Hic
801 2663 878 2754 vuu-
949 2743 965 2764 Ι,
