1982 3398
164 223 203 284 52
407 219 604 280 Rosiusou

163 349 222 410 rim
236 349 387 432 corripere
402 349 461 430 qud
474 368 504 408 sc
518 345 712 426 defenderet3
730 367 854 430 semper

161 466 264 515 ¹eutem
275 475 336 513 non
347 453 407 512 sine
417 453 525 534 gaudio
536 450 747 512 animadvertit
757 451 854 512 timo-

162 575 227 615 rem
250 577 362 616 vanum
386 554 484 614 fuisse.
510 553 648 612 Tandem
669 553 790 613 devenit
812 553 855 613 ed

163 658 280 730 rivum,
309 657 359 716 ubi
386 657 533 740 prandere
562 655 726 715 constituit.
753 653 855 736 Igitur

164 761 220 821 sub
247 762 354 821 arbore
381 763 439 821 altr
466 759 666 839 umbrosdquc
694 757 831 818 consedit
839 783 852 839 5

161 865 283 947 jamque
312 875 443 945 coeperat
468 865 577 943 magud
603 860 674 920 cum
694 859 856 944 voluptate

161 965 296 1048 epulari,
326 965 395 1024 cum
419 960 542 1046 repente
567 963 693 1045 strepitu
716 963 856 1045 quodam

161 1064 328 1145 longinquo
349 1062 543 1150 veliementer
556 1061 712 1122 exterritus
727 1071 781 1122 est.
799 1063 857 1122 Ti-

161 1169 261 1232 midus
287 1169 387 1251 itaque
412 1154 640 1252 circumspexit,
667 1163 855 1252 tandemque

161 1293 286 1354 gregem
308 1293 453 1353 magnum
473 1271 549 1333 vidit
569 1272 722 1354 pecudum
744 1273 856 1336 ovibus

160 1373 270 1436 nostris
284 1374 441 1450 similium,
457 1376 513 1437 nisi
525 1375 607 1458 qudd
620 1377 770 1436 eminente
777 1369 855 1458 ¹pau-

160 1471 256 1534 lulinn
268 1473 358 1535 dorso
366 1477 550 1536 camelorum
560 1475 688 1536 formam
700 1477 832 1538 reserant
841 1502 854 1558 5

161 1570 301 1640 caeterirm
316 1579 421 1640 ovibus
436 1581 544 1641 nostris
559 1581 649 1664 pauli)
663 1582 852 1664 grandiores.

200 1681 280 1747 Huic
296 1682 470 1748 animalium
483 1687 584 1771 generi
604 1689 721 1771 elegans
743 1701 852 1770 caput,

161 1791 240 1851 oculi
261 1793 397 1867 venusii,
420 1815 453 1854 os
475 1794 681 1876 productum,
708 1793 855 1854 crassiora

159 1887 260 1972 labia;
289 1893 370 1952 idem
390 1915 444 1977 pes
472 1917 506 1955 ac
533 1893 621 1969 bovi,
651 1893 777 1972 bifidus,
800 1894 855 1956 sed

159 2014 262 2074 ungue
272 1995 359 2054 simul
370 1998 484 2076 postico
502 1999 677 2076 instructus,
690 2012 750 2080 quo
759 1997 854 2065 veluti

114 2110 117 2116 ·
159 2085 265 2152 niorsu
290 2094 426 2154 anchore
455 2099 611 2182 cujusdam
641 2110 771 2160 utuntur
795 2120 853 2182 per

159 2189 288 2271 abrupta
303 2211 368 2271 quse
382 2195 531 2256 scendunt
545 2197 707 2258 lubentiirs.

200 2313 296 2374 Lama
317 2315 415 2376 lentus
433 2317 546 2378 incedit
566 2323 734 2406 composito
753 2324 854 2406 gravi·
885 2379 888 2386 .

160 2441 219 2507 que
235 2421 288 2482 sed
307 2421 414 2482 eodem
437 2409 519 2484 certo
541 2445 650 2508 passu3
671 2428 785 2512 quippe
800 2429 854 2512 qni

160 2525 259 2586 leucas
280 2537 331 2585 aut
350 2539 481 2607 quatuor
501 2530 699 2614 autquinque
718 2533 749 2592 in
771 2534 853 2612 diem

160 2651 216 2712 per
230 2631 295 2692 loca
314 2629 456 2713 jumentis
470 2633 615 2716 impervia
631 2639 851 2700 ceteris'confi*
