1968 3378
317 255 531 314 Cnusoeus.

1 385 36 484 j
82 397 225 461 exuerat,
253 383 302 444 vix
325 381 406 442 cerni
426 390 544 462 poterat
562 377 688 436 linteum
709 375 768 434 albi

1 543 2 548 ,
81 487 194 547 coloris
216 477 289 544 olim
309 483 408 541 fuisse.

92 589 225 650 'Primo
249 587 340 668 igitur
366 585 468 644 statuit
488 585 591 652 sedulo
617 581 769 642 indusium

1 739 2 742 η
80 697 193 754 lavare.
210 693 280 770 Quo
295 690 416 771 quidem
433 711 469 748 ex
490 689 595 748 arbore
609 708 768 768 suspenso,

82 797 200 880 ipsein
221 815 330 876 aquam
352 793 469 853 desiliit.
529 815 532 828 ²

125 900 205 959 cum
221 913 321 958 autem
342 918 418 979 puer
440 897 561 956 natandi
583 908 677 956 artem
692 895 769 956 didi-

1 1023 2 1030 *
85 1000 190 1070 cisset,
213 998 325 1080 placuit
345 1017 378 1054 ex
400 1017 436 1056 eo
457 997 522 1056 loco
539 997 589 1054 ubi
610 997 640 1055 in
660 997 769 1077 aquom

84 1096 418 1160 descenderatnatando
429 1097 583 1178 pervenire
594 1097 769 1157 adtractum

85 1203 249 1284 quemdam
263 1215 350 1262 terrae
364 1201 431 1260 satis
447 1201 535 1282 longo
552 1201 646 1282 spatio
661 1203 688 1260 in
703 1225 767 1260 ma-

84 1327 118 1366 re
128 1318 378 1388 procurrentem,
392 1325 481 1385 quem
495 1307 630 1365 nondum
643 1305 766 1364 adierat.

125 1411 202 1470 Illud
223 1409 342 1490 quoque
366 1413 545 1468 Robinsonis
559 1412 651 1471 nostri
667 1412 766 1472 consi-

84 1513 162 1574 lium
188 1511 402 1572 faustissimum
426 1513 490 1571 suit.
516 1514 599 1573 Vidit
623 1515 712 1573 nimir
727 1537 769 1573 'm

85 1617 170 1677 hunc
195 1629 279 1674 terrae
305 1627 434 1676 tractum
458 1617 541 1697 aquis
575 1617 768 1675 subeuntibus

1 1799 2 1804 ἵ
82 1717 249 1788 inundari,
268 1719 499 1778 ¹recurrentibus
532 1719 604 1777 verb
629 1737 769 1798 magnam

84 1821 207 1902 copiam
220 1819 420 1894 testudinum,
435 1832 660 1900 ostrearumque
674 1819 704 1876 in
715 1817 771 1903 sic·

84 1944 124 1982 co
140 1919 271 1979 destitui.

127 2039 222 2100 Maris
246 2039 294 2098 itte
318 2039 399 2101 locus
426 2060 516 2123 quein
539 2043 691 2099 Robinson
711 2042 771 2103 cir-

82 2142 291 2217 cumnatavit‚
312 2143 386 2202 adeo
406 2143 534 2223 piscibus
555 2145 725 2205 abundabat
735 2157 770 2206 ut

84 2241 150 2302 fere
168 2241 304 2302 manibus
326 2228 390 2322 cupi
411 2255 540 2323 possent.
564 2245 653 2323 Quod
675 2245 698 2306 si
719 2269 771 2306 re-

83 2342 181 2403 ticulo
202 2341 362 2400 instructus
382 2342 483 2401 fuisset
495 2385 503 2417 ,
515 2345 607 2403 multa
624 2345 706 2405 facile
722 2367 771 2409 ce-

85 2444 182 2524 pisset
195 2441 296 2502 millia.
319 2442 386 2501 Hoc
400 2445 618 2505 autem·adhuc
639 2448 769 2506 carebat.

88 2547 171 2607 Cium
191 2557 293 2606 tamen
314 2547 415 2607 omnia
430 2562 568 2630 ¹suscepta
587 2550 730 2632 prosperis
742 2547 772 2607 ei

85 2649 232 2714 hactenus
253 2648 422 2732 cessissent,
442 2649 572 2734 sperarit
590 2654 654 2717 sore
667 2666 702 2712 ut
714 2649 769 2711 ali-

665 2753 696 2812 G
