1976 3366
197 257 254 322 160
433 255 630 318 Roarnson
657 277 658 280 ¹

195 387 268 458 eibis
291 383 453 446 delectatus
475 385 512 446 sit
532 383 617 444 facile
638 393 683 465 est
703 381 892 466 intelligere.
949 375 950 392 ³

193 493 284 554 Nunc
301 513 419 574 quoque
438 490 643 550 calamitatum
661 489 892 570 praeteritarum
949 525 950 564 t

192 599 305 660 oblitus
320 599 376 658 sibi
396 597 426 656 in
447 597 548 656 animo
564 594 650 676 fingit
667 595 729 676 jam
744 617 810 655 non
835 596 891 656 de·
949 579 950 604 ³

194 701 275 774 rertd
293 700 325 760 in
344 699 460 772 insule,
484 698 536 758 sed
553 699 585 756 in
605 693 728 780 regione
744 697 891 781 frequen-

195 801 308 862 tissima
328 822 359 861 se
373 800 493 860 versari.
511 797 559 858 Sic
574 799 668 857 animi
681 799 814 858 vulnera
829 801 890 859 ins-

195 917 300 988 perato
318 904 447 987 quodam
464 902 577 984 gaudio
588 902 686 961 sanari
701 903 819 979 solent,
834 902 889 964 etsi

195 1011 245 1071 illa
261 1011 437 1092 plerumque
451 1007 625 1068 insanabilia
638 1019 793 1088 putamus.

235 1110 363 1172 Prandio
379 1109 515 1169 conlecto
533 1111 689 1168 Robinson
708 1109 834 1168 secessit
853 1121 888 1170 ut

194 1211 233 1272 de
242 1213 387 1294 prosperd
397 1233 499 1274 rerum
513 1209 634 1272 suarum
643 1212 887 1272 commutatione

192 1339 293 1380 secum
307 1315 370 1398 ipse
390 1307 599 1377 meditaretur.
621 1315 709 1374 Nune
732 1317 838 1377 omnia
858 1317 886 1377 ei

193 1417 325 1480 arridere
338 1417 400 1477 visa
421 1429 501 1478 sunt.
523 1419 645 1500 Quippe
667 1416 718 1498 qui
740 1419 803 1497 jam
820 1441 885 1480 non

157 1571 167 1597 ,
194 1535 270 1581 esset
282 1521 375 1580 homo
396 1520 544 1579 ¹solitarius
559 1519 699 1599 socioque
712 1517 882 1599 gauderet,

96 1623 98 1628 ’
195 1627 316 1710 quleum
333 1625 467 1685 nondum
480 1621 602 1705 quidem
616 1623 764 1704 colloqui,
781 1625 835 1684 sed
849 1646 883 1686 ex

194 1731 278 1812 cnjus
298 1725 513 1789 consuetudine
533 1726 665 1786 multum
685 1725 782 1785 solatii
801 1729 882 1810 opis·

194 1851 251 1910 que
265 1830 371 1890 licebat
387 1837 551 1912 etpectare.
571 1897 574 1906 1

231 1931 270 1989 Et
281 1935 354 1993 vero
368 1930 510 2010 cogitanti
523 1930 606 1989 venit
618 1927 740 2010 quidem
752 1927 784 1986 in
800 1951 881 1990 men·

192 2047 255 2095 tem
272 2037 365 2094 vitam
379 2033 500 2094 mollem
515 2045 604 2114 atque
620 2032 748 2092 otiosam
766 2055 878 2116 agere,

191 2139 264 2197 dum
286 2139 399 2198 intered
418 2139 575 2208 Vendredi
587 2139 703 2220 juvenis
722 2139 880 2201 robustus·

192 2257 269 2318 que,
288 2237 398 2318 dequo
417 2238 561 2320 praeterea
585 2251 645 2299 tam
661 2237 738 2298 bene
753 2244 877 2304 meritus

190 2343 287 2403 suerat
301 2353 336 2400 ut
348 2363 417 2402 eum
433 2345 488 2402 sibi
508 2343 651 2402 famulum
666 2345 732 2425 jure
745 2347 878 2426 quodam

190 2445 372 2521 vindicaret,
391 2442 560 2511 necessariis
578 2449 752 2510 muneribus
767 2449 879 2511 labori·

189 2553 304 2634 busque
316 2553 557 2635 perfungeretur.
572 2553 632 2614 Sed
644 2575 712 2614 curn
727 2553 807 2615 intlas
826 2579 876 2616 re·
941 2615 945 2625 ,

187 2671 325 2751 Αριιῑαεεεῑ
338 2657 400 2718 lieri
412 2681 499 2740 posse
509 2673 545 2721 ut
555 2659 715 2741 aliquando
725 2659 789 2720 tim
799 2659 873 2723 felici
