1976 3366
326 175 546 238 Cuusoauu:
723 205 778 268 ¹77

60 299 176 364 .brevi
189 300 372 380 praecipuam
386 301 423 360 de
433 303 540 362 Deoac
554 302 779 384 religiouedoc·

74 404 203 464 trinam
218 403 337 476 tenuit,
359 405 507 486 quantum
520 393 590 466 huic
613 406 660 466 ille
679 409 780 490 expla-

77 527 165 567 nare
174 519 302 588 poterat.
318 508 363 566 Ex
377 529 413 568 eo
425 520 561 591 tempore
581 512 781 573 Vendredise·

78 599 267 672 licissimum
287 629 316 669 se
341 610 520 674 existimavit
544 612 677 701 qubdiu
702 615 781 676 hanc

80 711 221 779 insulam
237 708 344 772 de‘ferri
360 713 414 774 sibi
430 716 611 798 contigisset.

128 817 238 878 Postea
258 821 416 880 Robinson
439 839 543 900 preces
572 843 638 884 suas
662 843 782 907 semper

82 935 244 1010 praesente
259 915 349 985 'sociu
373 924 499 985 fundere
527 927 659 996 solebat,
673 929 782 1009 jucun·

85 1027 310 1108 dissimumque
319 1039 440 1108 aspectu
455 1028 573 1102 suisset,
589 1044 701 1112 quanto
712 1055 783 1114 guu-

87 1130 143 1191 dio
157 1173 165 1202 ,
181 1129 294 1210 quanta
311 1131 422 1210 pietate
434 1130 483 1190 hic
497 1132 589 1191 verba
613 1131 727 1194 domini
742 1134 782 1199 ad

87 1233 221 1295 verbum
228 1245 412 1313 sequeretur.
424 1235 509 1296 Tunc
517 1235 589 1296 verb
598 1239 681 1299 tanta
690 1237 781 1298 ambo

89 1335 233 1396 felicitate
243 1334 419 1394 fruebantur
427 1349 568 1415 quantam
584 1337 698 1418 assequi
708 1360 782 1420 pos·

91 1451 165 1499 sunt
192 1439 328 1498 homines
354 1439 390 1497 ab
416 1439 549 1498 humanu
571 1441 710 1502 societate
733 1463 782 1501 se-

90 1540 200 1624 juncti.
215 1539 264 1601 Sic
276 1541 410 1621 elapsum
426 1550 469 1599 est
482 1539 652 1620 pluviarum
663 1551 782 1620 tempus

91 1646 154 1704 ulla
175 1645 237 1705 sine
257 1645 404 1707 molestia.
430 1644 513 1704 Coelo
536 1644 657 1704 tandem
678 1663 783 1703 serena

92 1745 183 1807 facies
205 1747 350 1826 redieram
371 1746 525 1807 cessabant
542 1743 644 1814 venti,
667 1743 782 1803 nimbi-

94 1873 155 1936 que
169 1852 357 1934 aufugerant.
374 1855 530 1912 Robinson
543 1869 612 1908 cum
626 1848 685 1908 fido
701 1847 781 1908 socio

94 1979 207 2042 puram
231 1957 423 2039 tepidamque
447 1976 551 2014 auram
571 1953 649 2014 veris
677 1953 781 2035 spirat.
835 2007 839 2018 ,

95 2063 194 2123 Ambo
210 2061 295 2122 novis
314 2061 427 2120 viribus
451 2071 554 2123 auctos
575 2078 605 2118 se
627 2058 780 2133 sentiunt,

96 2176 186 2246 atque
206 2163 294 2225 alacri
309 2163 408 2222 animo
423 2161 462 2221 ad
483 2161 612 2222 arduum
626 2182 701 2243 opus
714 2163 794 2220 sus-'

97 2281 220 2351 ceptum
236 2289 266 2328 se
280 2269 449 2349 accingunt.

142 2373 430 2432 Vendreclc'admoto
451 2373 519 2454 igne
540 2384 681 2448 truncum
694 2391 790 2430 exea-t

98 2475 198 2548 vavit,
215 2483 304 2555 atque
320 2475 395 2534 duos
409 2475 488 2533 intra
508 2497 624 2536 menses
638 2475 669 2534 id
684 2473 783 2532 absol·

98 2580 140 2644 vit
153 2579 237 2661 quod
249 2576 326 2659 aegr‘e
342 2577 508 2638 multorum
525 2599 673 2640 annorum
688 2575 782 2656 spatio
