1976 3366
241 204 300 269 '156
481 205 681 265 Rosrnsorr
969 181 972 314 J

236 336 387 398 minorem
402 333 571 394 Robinsoni
579 331 710 392 letitiam
724 351 817 414 quam
831 333 937 396 admi-
970 323 973 414 l

239 441 386 534 rationein
400 438 506 500 movit.
730 434 763 473 ‘f

276 568 355 628 Tum
379 566 532 647 comperti
563 563 652 624 causa
678 577 805 648 propter
835 591 933 651 quam
973 579 974 590 ¹

241 671 396 733 Vendredc'
416 667 514 728 subiti)
541 681 736 746 excurrerat,
762 669 836 730 cirm
862 674 932 755 ipse

235 783 349 832 tautam
371 769 500 830 laetitiam
520 788 627 848 capere
646 788 707 828 non
728 780 855 850 posset,
876 771 930 833 hic

233 879 318 938 illum
339 875 490 956 amplexus
507 873 713 954 osculatusque
731 875 818 934 tacite
836 891 931 960 rogat

233 992 446 1067 praeconceptae
459 978 636 1060 suspicionis
648 980 779 1039 reniam.

271 1111 389 1172 Scilicet
406 1113 433 1170 V
433 1109 562 1169 eadredi
574 1107 732 1191 diligenter
743 1111 860 1192 sylvam
873 1135 929 1197 pe-

233 1215 320 1275 tierat
337 1225 370 1271 ut
390 1233 406 1270 e
427 1225 535 1273 trunco
556 1211 640 1270 arido
660 1211 721 1271 duo
744 1213 814 1293 ligni
836 1215 926 1298 frng-

222 1307 334 1378 ¹menta
355 1300 514 1374 excideret.
532 1317 606 1394 Qoae
627 1313 675 1386 ille
697 1315 768 1374 scite
789 1316 925 1379 alterum

230 1421 324 1480 ultero
339 1415 578 1478 colliserattantl
597 1417 747 1475 celeritate
760 1427 794 1474 ut
813 1418 921 1498 ignem

230 1523 434 1604 conciperent.
451 1520 529 1580 Tum
545 1517 629 1578 citilis
644 1519 729 1600 lignis
744 1518 829 1578 arido
845 1542 920 1600 gra-

229 1627 312 1688 mine
329 1624 488 1700 involutis,
509 1641 577 1681 cum
595 1621 652 1680 isto
670 1621 824 1703 inanipulo
840 1645 919 1705 pro-

228 1735 384 1796 currerat,
401 1721 459 1804 qua
477 1717 577 1778 motus
597 1717 752 1779 velocitate
766 1733 919 1780 exarserat

228 1827 356 1887 foenum.

267 1917 437 2001 Tantoperis
460 1915 620 1997 agitatione
639 1916 830 1975 flammarum
850 1923 917 1976 Ro-

225 2027 335 2082 binson
357 2023 520 2082 delectatus
544 2032 588 2079 est
608 2031 641 2078 ut
656 2019 776 2078 illarum
790 2034 916 2101 aspectu

225 2123 324 2183 satiari
338 2143 398 2180 non
414 2133 521 2203 posset.
534 2120 668 2181 Tandem
683 2122 804 2202 arrepta
816 2124 911 2196 taeda,

225 2229 335 2286 comite
358 2227 515 2286 Vendredi
526 2270 535 2300 ,
557 2227 588 2286 in
609 2225 813 2286 habitaculum
834 2246 913 2309 pro-

133 2317 134 2331 *
223 2335 321 2414 ‘perat
347 2350 349 2356 ’

215 2479 220 2494 „
262 2429 341 2487 Tum
356 2429 424 2510 igne
440 2449 585 2500 accenso,
605 2430 815 2512 nonnullisque
829 2433 912 2492 sola-

222 2555 331 2600 norum
349 2533 503 2594 tuberibus
517 2536 594 2595 circa
610 2535 710 2594 locum
723 2535 846 2616 positis,
872 2534 912 2594 ad

212 2661 345 2728 ¹gregem
370 2637 510 2720 festinat3
538 2639 768 2744 lsmaeqpullum
801 2638 911 2720 eligit,

777 2750 907 2818 mactat,
