1982 3398
330 179 545 244 Cuusorvs.
613 219 616 234 ·
736 203 775 268 ²7

92 316 179 376 raut,
207 313 297 385 etque
311 315 346 362 ut
364 317 545 368 erantaetate
568 306 775 381 robustiores,

90 409 226 492 praesecti
251 408 403 490 diligentid
423 409 534 470 selicilrs
556 410 663 472 servati
697 422 776 473 suut.

90 511 173 574 Cium
200 523 300 570 nutem
328 513 442 594 juvenis
469 515 560 575 oculis
584 515 615 574 in
651 528 781 576 matrem

91 623 259 702 conjectis,
295 632 446 680 mortuam
476 641 538 684 esse
567 620 779 694 intellexisset,

91 737 196 784 tantus
207 745 277 784 erun
290 724 398 784 invasit
413 725 517 796 dolor,
531 737 563 784 ut
578 723 781 785 deficientibus

92 826 206 886 iterum
223 827 334 887 viribus
364 826 445 908 oegre
468 828 507 886 ad
535 826 628 886 vitam
647 827 781 887 revocari

92 944 209 1015 posset.
234 931 313 992 Vicit
329 943 532 1004 tamencum,
549 944 637 1012 utque
651 931 698 990 ille
711 954 782 992 cum
853 930 860 978 ἶ

96 1039 182 1096 servs
206 1019 511 1116 quoque‘e'faucibus
530 1037 635 1096 mortis
661 1048 781 1118 ereptus

94 1150 153 1200 est.
177 1138 294 1198 Deinde
315 1138 469 1220 prefectus
498 1161 604 1227 navem
624 1141 704 1200 omni
729 1161 782 1222 ge-

96 1265 171 1305 nere
202 1243 415 1304 alimentorum
447 1245 603 1316 instruxit,
639 1247 732 1306 malos
763 1269 782 1306 a

95 1346 190 1407 fabris
202 1345 262 1407 suis
274 1346 448 1408 reficiendos
463 1349 578 1408 curavit
590 1393 597 1418 ‚
612 1349 782 1432 ignarisque

95 1451 189 1510 maris
210 1449 342 1533 peritum
364 1463 483 1512 nauum
507 1452 589 1512 dedit
611 1453 784 1534 quinarem

95 1566 238 1637 regerct3
270 1565 358 1636 atque
393 1555 430 1614 ad
464 1567 575 1616 terram
613 1555 785 1638 proximam

96 1660 165 1742 ipse
175 1657 272 1718 tendit
287 1669 440 1720 utnovam
463 1659 645 1720 cibariorum
661 1681 771 1740 compa
785 1687 789 1722 l

97 1767 250 1829 rationem
271 1765 390 1826 faceret.
412 1767 482 1826 Haec
507 1777 571 1824 erat
591 1763 687 1822 insula
714 1767 787 1819 Ma-

97 1871 194 1929 der'ra
205 1891 215 1948 5
242 1867 337 1928 unae
362 1871 520 1929 canariis.
548 1855 705 1950 Robinson
725 1861 793 1938 und

98 1993 173 2034 cum
184 1969 324 2052 prefecto
339 1968 370 2028 in
385 1981 496 2050 terram
511 1963 680 2033 descendit,
697 1975 787 2045 atque

97 2077 143 2137 ibi
165 2073 314 2135 laetissimo
334 2072 491 2132 fortunatae
517 2069 592 2127 illius
615 2067 715 2129 insulae
738 2090 791 2136 ass,
861 2060 864 2074 ¹

97 2187 194 2262 pecto
207 2174 305 2260 sotiani
317 2195 377 2234 nou
386 2171 493 2256 potuit.
503 2169 620 2232 Scilicet
628 2181 707 2230 terra
717 2192 789 2252 par-

99 2279 159 2338 tim
186 2275 217 2334 in
241 2272 394 2356 planitiem
425 2279 584 2354 porrecta,
619 2271 730 2351 partim
756 2269 788 2329 in

102 2378 258 2441 colliculos
272 2375 403 2436 molliter
420 2395 575 2458 assurgens
590 2355 791 2444 {vernantem

102 2467 318 2562 frugiferorum
338 2477 481 2538 arborum
509 2477 634 2560 copiam,
651 2475 795 2562 erquicat.¹

103 2583 184 2649 Coeli
197 2581 364 2644 admodum
380 2564 510 2662 jucundo
526 2579 700 2664 temperiem
718 2577 789 2637 uul-
