1968 3378
243 245 284 321 94
488 229 680 286 Ros-rasos

246 362 358 445 quebat
369 358 537 417 Robinsoni
545 369 681 433 qnaenam
692 345 782 424 hujus
793 338 839 398 rei
851 349 930 399 esset

247 487 345 528 causa.
387 456 566 538 Quindecim
590 454 651 512 dies
685 444 776 528 elapsi
816 453 927 512 erant,

247 589 284 627 ex
304 589 363 647 quo
384 586 445 623 non
467 559 583 642 longiis
610 553 760 615 domicilio
780 569 836 606 suo
858 567 931 627 pro-

249 691 364 754 gressus
375 667 471 725 suerat
483 663 573 743 quim
581 659 620 719 ad
627 656 747 725 cellam,
763 662 798 710 ut
806 648 932 708 alimen·

248 786 281 834 ta
294 787 324 835 et
344 792 452 853 aquam
471 765 526 828 sibi
545 763 689 840 lamisqne
707 764 834 838 peteret.
851 750 933 810 Reli-

249 898 346 961 quum
360 889 579 956 tempus-omne
591 865 684 927 veluti
696 862 813 942 captivo
833 857 933 919 homi-

251 982 284 1043 ni
297 979 466 1059 degendum
478 975 544 1032 suit.

293 1080 395 1140 Eheu!
420 1079 511 1158 quim
532 1074 615 1134 tarde
638 1084 755 1152 tempus
770 1091 853 1128 nunc
873 1075 936 1127 Ro-

253 1182 376 1238 binsom'
388 1176 465 1234 trahi
481 1174 576 1234 visum
597 1182 657 1243 est,
678 1169 751 1228 nihil
774 1168 891 1248 egenti,
906 1177 936 1225 et

254 1279 385 1340 solitario
396 1278 404 1338 l
414 1278 501 1337 Nunc
509 1273 658 1359 perspexit
665 1273 754 1353 quem
761 1289 833 1330 vera
841 1282 937 1330 essent

256 1404 321 1466 quae
348 1380 451 1465 stepiirs
476 1377 608 1460 magistri
632 1383 854 1458 preceperant,
890 1390 939 1458 ees

257 1508 329 1570 opes
341 1507 403 1546 esse
416 1483 563 1568 parandas
584 1502 649 1562 quae
662 1478 720 1538 uni
732 1499 802 1538 cum
815 1475 941 1536 naufra-

259 1590 308 1672 gio
322 1588 436 1671 possint
449 1597 579 1645 enatare.

282 1708 283 1714 ’
299 1693 328 1752 Ο
340 1713 388 1751 me
401 1691 432 1749 in
445 1686 572 1772 pueritit
586 1684 709 1744 stultum
723 1724 731 1753 ‚
745 1681 940 1753 exclamavit,

259 1798 311 1880 qui
325 1796 453 1857 scribere
472 1801 523 1852 aut
539 1791 636 1870 legere
654 1785 828 1860 molestum,
854 1776 954 1844 otiari'

259 1898 331 1961 verb
343 1897 510 1978 jucundum
523 1886 769 1951 existimaverim!
783 1887 812 1946 Ο
826 1889 941 1946 utinam

261 2021 333 2079 quas
347 1999 418 2057 olim
433 2003 605 2077 aspernatus
627 2009 693 2048 sum
715 1987 865 2049 doctrinas
878 2005 942 2048 me·

260 2099 357 2158 morit
373 2095 525 2156 tenerem!
544 2097 589 2154 Ex
605 2094 663 2152 hoc
683 2112 763 2172 penu
777 2089 942 2150 domestico

261 2221 342 2260 nunc
356 2199 564 2279 depromerem
578 2196 660 2277 quod
680 2205 755 2258 esset
768 2215 829 2252 non
846 2193 942 2254 solum

261 2307 329 2365 vitae
350 2301 525 2372 oblectatio,
554 2301 606 2359 sed
631 2299 721 2359 etiam
741 2298 944 2358 levamentum

262 2403 460 2466 miseriarum.

303 2507 395 2588 Cujus
415 2505 468 2566 otii
487 2515 645 2586 pertaesum
669 2500 824 2562 necessitas
847 2498 944 2580 coegit

264 2621 298 2673 ut
324 2613 418 2671 varias
450 2631 495 2669 res
520 2608 663 2692 gerendas
687 2605 849 2687 susciperet
871 2625 943 2688 ques
