1968 3378
314 337 521 396 Cnusoeus.
705 331 761 392 105

108 459 165 521 Sic
186 457 229 518 illi
248 457 383 518 nonnihil
403 455 518 539 profuit
537 453 629 516 verba
649 453 763 609 aliquot¹

66 561 165 626 latina
178 561 361 622 meminisse.

108 667 183 726 Jam
196 663 299 747 inopid
313 666 482 726 calceorum
496 677 533 725 et
538 663 684 724 tibialium
697 663 762 718 Ro
766 697 771 705 ·

66 773 186 830 binson
212 769 340 830 maxime
367 769 524 829 laboravit.
555 765 619 825 letis
653 761 762 824 seilicet

67 873 184 934 sensim
200 873 322 933 omnini>
346 872 529 942 dilaceratis,
545 867 763 938 muscae-nudos

67 981 136 1060 ejus
156 978 249 1060 pedes
264 978 387 1038 stimulis
403 976 556 1038 fodiebant
573 976 666 1058 iisque
679 997 761 1056 pun·

68 1083 185 1164 gebant
201 1082 353 1142 doloribus
368 1082 418 1164 qni
431 1083 480 1142 vix
493 1081 613 1142 tolerari
625 1087 758 1164 possent.

68 1185 200 1263 Quoties
211 1185 288 1244 sedit
307 1186 537 1246 meditabundus
553 1197 591 1245 ut
607 1185 758 1268 excogita-

70 1301 118 1349 ret
138 1289 286 1350 ratiouem
310 1291 438 1372 aliquam
460 1293 591 1374 eorporis
614 1290 757 1374 tegendi!

69 1393 123 1454 sed
147 1393 269 1454 frustra.
294 1393 421 1454 Carebat
446 1394 525 1454 enim
552 1396 757 1457 instrumentis

70 1511 101 1558 et
121 1511 186 1558 arte
206 1498 354 1557 adfinem
379 1502 597 1580 assequendum
622 1523 758 1562 necessa·

68 1602 125 1662 rit.
141 1601 277 1662 Tandem
290 1601 415 1684 pellibus
425 1603 572 1662 lamarum
586 1625 662 1682 ¹quos
674 1625 758 1662 mac·

67 1713 186 1762 taverat
197 1701 334 1762 facillime
350 1702 449 1762 vestiri
462 1725 549 1784 posse
566 1721 596 1760 se
610 1701 760 1759 existima*-

66 1803 122 1863 vit.
134 1806 174 1862 At
185 1803 246 1863 istae
260 1805 357 1865 crudae
369 1805 528 1886 rigidaeque
544 1815 646 1876 erant,
661 1819 757 1882 neque

65 1927 204 1986 unquam
217 1905 265 1964 ille
280 1920 435 1968 curaverat
446 1908 504 1986 qud
519 1917 582 1964 arte
595 1905 626 1977 in
640 1925 759 1986 praepa-

65 2006 170 2066 randis
197 2007 325 2087 pellibus
350 2006 448 2068 crudis
475 2005 592 2068 coriarii
621 2017 755 2066 utantur.

64 2111 165 2190 Atque
178 2107 202 2168 si
215 2109 293 2171 hanc
305 2110 467 2186 tenuisset,
483 2131 540 2172 nec
552 2133 607 2172 acu
614 2155 623 2187 ,
636 2133 692 2174 nec
701 2113 755 2174 filis
816 2163 820 2176 .

64 2211 230 2274 instructus
243 2225 325 2288 erat,
340 2235 471 2297 qnorum
484 2237 542 2302 ope
557 2239 574 2278 e
587 2218 673 2280 coriis
690 2240 757 2282 ves-

66 2313 230 2376 timentum
244 2315 299 2376 sibi
314 2332 481 2382 consueret.

103 2441 756 2506 caeterumnecesntasomniarteetdoctrint

64 2527 217 2606 efficacior
222 2548 423 2606 Robinsonem
437 2549 593 2610 admonuit
601 2549 756 2631 quomode

62 2644 171 2728 inopiae
186 2667 246 2706 sure
260 2648 441 2709 mederetur.
457 2651 582 2712 Pellibus
595 2651 687 2732 igitur
708 2668 756 2706 as·

63 2749 212 2832 sumptis,
226 2749 323 2814 cultro
337 2752 449 2838 siliceo,
459 2753 581 2816 sednon
597 2753 658 2814 sine
669 2767 756 2827 mag-
