1976 3366
205 233 265 297 226
445 231 647 292 Rosrnson

203 373 291 424 uerat
309 380 413 424 canem
429 363 469 420 ita
483 361 615 442 alligavit
630 373 664 420 nt
678 373 759 422 esset
778 363 912 445 adjutor

152 526 154 530 ,
204 487 267 529 non
277 462 445 522 mediocris.
465 462 612 522 Dentibus
626 463 754 544 insuper
769 465 907 526 fascicu-

204 567 268 626 lum
284 563 456 647 ¹portavit,
487 563 700 644 quodquidem‘
717 567 782 646 jam
812 546 907 626 antea

204 665 328 726 edoctus
357 663 463 722 suerat.
493 662 625 723 Cunotos
658 663 770 725 deinde
804 667 905 726 lamas
940 733 941 762 1

203 778 374 828 mansuetos
394 778 483 846 atque
505 767 645 826 oneribus
667 767 824 847 gestandis
841 773 905 850 jam
939 763 941 856 i

204 871 381 932 assuefactos
402 892 502 934 secum
526 870 650 930 adduxit
662 881 697 929 ut
712 870 748 932 iis
773 893 903 954 quoqne

203 977 242 1038 ad
256 998 327 1058 opes
342 975 560 1036 transferendas
580 987 728 1034 uteretur.
745 976 810 1054 Qui
826 968 902 1037 ciim

203 1089 301 1138 essent
327 1088 443 1158 septem
469 1096 617 1146 numero,
645 1076 754 1158 singuli
791 1089 900 1137 autem

203 1180 287 1240 oneri
311 1192 433 1240 centum
452 1191 483 1240 et
503 1179 719 1261 quinquaginta
742 1180 896 1241 librarum

201 1284 351 1365 portando
378 1304 495 1364 pares,
529 1282 612 1342 facile
641 1295 685 1342 est
722 1283 893 1367 intelligere

201 1386 501 1468 quantum-universi
519 1385 596 1448 facto
617 1385 735 1468 agmine
760 1388 896 1473 advene-v

200 1490 271 1551 rint.
295 1492 459 1571 Congestas
480 1489 553 1549 vero
575 1490 673 1572 copias
698 1494 888 1552 Robinsonis

199 1595 341 1676 spelunea
360 1605 389 1652 et
410 1593 484 1654 cella
498 1613 603 1675 capere
623 1615 685 1654 non
706 1604 884 1675 potueruut.

199 1701 295 1784 Igitur
322 1697 486 1758 tentorium
514 1698 648 1780 amplum
673 1698 705 1758 in
735 1699 883 1760 vestibulo

199 1805 274 1866 arcis
291 1815 441 1864 exstruere
460 1815 616 1884 properat.
640 1800 798 1862 Robinson
822 1805 883 1864 sor-

197 1910 324 1988 finitus,
349 1907 479 1982 acubus,
494 1906 619 1988 ¹filisque
644 1927 724 1967 nunc
750 1907 881 1978 instruc-

197 2025 245 2072 tus
275 2013 411 2074 celeriter
434 2010 492 2070 hoc
516 2031 591 2092 opus
617 2011 770 2092 promovit
791 2024 878 2094 atque

197 2125 265 2172 octo
294 2113 411 2172 dierum
435 2110 552 2193 spatio,
580 2133 634 2172 suo
663 2133 786 2194 quaeque
812 2114 876 2176 loco

195 2214 320 2272 suerunt
335 2215 498 2276 recondita.
532 2237 534 2242 ’

236 2313 305 2371 Jam
326 2328 411 2374 erant
435 2315 603 2376 Robinsoni
629 2313 769 2396 socioque
794 2329 874 2398 grata

195 2417 302 2502 quibus
339 2433 479 2480 vacarent
509 2443 609 2502 opera.
639 2421 772 2480 Instabat
804 2424 872 2484 vero

195 2521 323 2588 inanime
334 2536 368 2584 ut
377 2524 433 2585 sibi
445 2547 543 2586 casam
553 2525 731 2586 {edificarent
745 2526 795 2584 ubi
803 2550 871 2607 quas

194 2630 334 2713 spelunca
355 2646 462 2710 capere
473 2650 534 2688 nou
548 2639 668 2710 poterat
687 2631 871 2692 commodius
