1976 3366
248 273 305 314 '212
489 247 688 311 Ronrrrsorr‘

229 375 369 451 ¹minime
393 395 455 434 esse
467 375 649 456 sperandum
667 387 701 432 ut
721 374 771 434 illa
796 396 941 456 unquam

246 483 409 560 navigaret3
418 480 529 560 quippe
541 499 605 558 quae
618 481 696 535 inter
705 475 781 535 duos
793 480 940 559 scopulos

247 583 277 640 vi
307 583 489 662 tempestatis
511 582 645 662 conjecta
671 579 711 638 ita
737 579 882 639 hoerebat
909 591 941 639 ut

248 685 336 766 plane
349 673 460 742 moveri
474 705 534 742 nou
551 695 660 764 posset.

290 790 360 864 Qut
379 810 430 868 spe
456 767 612 845 destitulus
639 788 799 846 Robinson
827 810 942 848 navem

250 890 450 950 conscendere
470 901 635 970 properat,
659 911 730 970 opes
756 891 872 970 quibus
894 892 942 950 illa

250 1005 372 1054 onerato
385 1005 450 1052 orat
462 992 682 1072 exploraturus,
695 1014 735 1050 an
747 1007 852 1053 essent
861 996 942 1053 ineo-

251 1097 357 1158 lumes:
378 1100 409 1154 V
407 1096 535 1154 eadredi
547 1107 658 1168 autem,
675 1095 791 1156 timoris
804 1097 942 1158 hesterni

250 1220 312 1262 non
332 1199 504 1272 immemor,
523 1197 680 1258 <lominum
694 1197 724 1256 in
737 1199 822 1278 stega
838 1202 939 1260 comi·

251 1301 307 1361 tari
327 1300 374 1358 vir
394 1299 531 1358 audebat.
560 1299 774 1358 Verumtamen
793 1322 870 1361 eum
894 1325 939 1362 se-

253 1416 337 1464 cutos
358 1415 420 1477 est,
437 1403 608 1485 quanquam
628 1403 806 1485 trepidans3
838 1409 939 1466 statim

254 1507 332 1568 euim
359 1519 529 1574 monstrum
557 1506 630 1566 illud
655 1519 817 1566 cornutum
847 1510 940 1568 oculis

253 1611 329 1672 illius
353 1631 382 1670 se
406 1611 524 1671 obtulit.
543 1610 613 1668 lom
634 1609 704 1674 reris
723 1609 763 1668 illi
786 1634 853 1670 non
870 1626 940 1672 tan·

253 1713 319 1774 tirm
345 1725 408 1790 erat
433 1711 563 1772 audaciae
577 1737 587 1791 3
610 1712 720 1792 quippe
748 1712 940 1774 debilitatum

254 1820 386 1899 jacebat,
409 1819 505 1878 utrix
525 1833 646 1898 surgere
668 1838 753 1898 posse
768 1817 941 1898 videretur,

255 1923 396 2002 quoniam
423 1943 477 2004 per
497 1919 631 1980 triduum
654 1919 763 2000 pabulo
790 1940 939 1983 caruerat.

256 2026 347 2106 Cujus
366 2028 408 2086 rei
430 2047 549 2086 causam
573 2027 726 2084 Robinson
745 2025 938 2108 intelligens,

255 2136 324 2184 ante
342 2126 442 2185 omnia
456 2125 572 2185 curavit
586 2135 618 2182 ut
631 2123 755 2184 bestiam
774 2123 853 2184 forne
877 2127 940 2186 fere

255 2235 463 2303 consumptam
475 2223 585 2306 pabulo
600 2235 758 2282 recrearet.
773 2221 852 2282 Ciun
866 2224 940 2293 vero

254 2319 349 2400 ‚varias
364 2343 425 2380 oon
436 2323 588 2404 ignoraret
601 2333 696 2406 partes
707 2368 717 2398 ‚
728 2322 759 2380 iu
773 2343 845 2401 quos
855 2325 938 2384 navis

255 2424 379 2486 interior
404 2427 540 2488 distribui
558 2429 654 2528 solet‘,
681 2427 816 2492 accurate
835 2430 937 2490 omnia

256 2523 405 2610 inquirere
415 2530 514 2610 coepit.
528 2529 659 2612 Singulis
673 2529 783 2600 scilicet
796 2528 934 2594 cubiculis

256 2633 455 2720 perlustratis,
468 2635 563 2698 multa
575 2635 685 2730 possim
697 2633 858 2716 conspexit,
868 2652 932 2713 qun
