1982 3398
189 217 232 295 '42
430 192 633 296 *Ro‘rrrrsorc

190 348 273 432 piam
293 345 420 419 evulsit,
451 345 664 428 colligatosqne
681 343 835 427 fesciculos
847 343 881 404 iu

193 471 304 532 uquam
320 449 472 509 demersit.

232 549 344 608 Diebus
371 548 485 629 aliquot
505 547 631 630 peractis
650 545 719 607 cum
740 545 880 606 animad-

190 653 328 714 vertisset
357 653 536 714 exteriorem
563 662 693 718 crustam
721 651 798 731 aqud
816 652 879 730 jam

103 763 104 768 ’
189 754 260 815 satis
283 755 464 825 emollitam,
481 753 623 818 fasciculis
641 753 711 812 inde
733 751 877 824 sublatis,

189 859 295 940 stirpes
313 858 462 916 molliores
475 859 565 918 factas
579 856 620 926 ad
633 855 726 917 solem
741 854 877 936 apricum

189 960 342 1044 explicuit.
362 959 478 1036 Quibus
491 961 540 1022 vix
553 959 744 1022 mediocriter
762 958 876 1020 siccatis

188 1063 316 1124 tentavit
338 1085 414 1123 num
429 1064 488 1124 hoc
502 1063 623 1145 quisque
638 1063 689 1124 lini
709 1063 801 1122 instar
822 1081 874 1120 re-

187 1166 283 1250 petito
300 1165 384 1226 fustis
398 1166 459 1226 ictu
476 1166 591 1228 conteri
608 1176 720 1247 posset..
737 1164 875 1244 Cqune

136 1268 139 1284 '
186 1291 234 1334 res
271 1290 307 1328 ex
348 1269 494 1330 sententiis
525 1269 683 1340 cessisset,
718 1267 875 1330 confestim

189 1371 337 1432 funiculos
349 1371 446 1432 facere
459 1382 555 1432 tentat
568 1372 651 1432 tautd
663 1370 801 1432 firmitate
816 1415 824 1443 ,
839 1383 874 1432 ut

186 1476 334 1538 concham
358 1474 465 1536 baculo
486 1474 604 1534 affixam
626 1474 746 1556 elligere
758 1487 870 1557 posset.

185 1577 291 1640 Et'sic
314 1577 419 1638 habuit
431 1577 665 1638 instrumentum
685 1577 768 1636 haud
790 1579 871 1636 ebsi-

184 1687 255 1748 mile
276 1685 369 1770 ligoni
389 1683 515 1750 olitoris.

225 1821 303 1881 Tum
317 1819 390 1880 ver'o
401 1840 477 1901 opus
491 1814 609 1877 assidui
622 1827 795 1896 persecutus
809 1828 870 1891 est,

184 1921 349 2008 densasque
363 1923 514 1986 conseruit
527 1921 667 1994 arbores,
681 1919 778 1980 donec
789 1941 873 1982 ereo·

182 2023 244 2082 lam
274 2034 343 2081 ente
370 2025 560 2105 propositum
585 2023 640 2084 sibi
666 2023 871 2086 habitaculum

182 2122 309 2184 omnini)
322 2124 470 2206 sepsisset,
485 2136 575 2206 atque
592 2124 662 2184 inde
677 2125 760 2207 quasi
771 2127 870 2206 paries

182 2223 293 2285 exstitit
305 2224 381 2284 adeo
393 2224 529 2297 validus,
549 2236 584 2288 ut
596 2227 715 2289 nonnisi
725 2227 758 2288 si
773 2226 871 2288 multi
953 2268 959 2278 ·

181 2323 346 2405 expugnari
354 2335 465 2405 posset.

221 2429 287 2490 lllas
306 2427 444 2490 veniente
459 2429 524 2508 dle,
542 2429 605 2492 illas
619 2432 781 2496 decedente
798 2433 870 2493 irri-

183 2537 274 2620 gabat
295 2537 373 2617 aqud
393 2555 410 2592 e
429 2534 512 2596 fonte
533 2538 870 2619 pronuntiaremus

180 2639 266 2708 brevi
288 2659 400 2726 magno
429 2660 500 2703 cum
524 2639 634 2724 gaudio
653 2637 771 2708 teneris
791 2641 873 2706 vidit
