1976 3366
293 172 512 234 Cnosoeus.
694 190 754 260 ²¹9

48 301 186 376 minor,
198 320 364 380 manusque
372 300 494 382 supplex
504 299 543 358 ad
553 302 755 380 Robinsonem

50 403 234 486 protendit.

103 506 271 587 Nunquam
300 507 457 565 Robinson
477 505 509 566 id
529 507 751 581 committebat,
769 564 771 568 .

50 621 98 670 ut
113 629 310 692 quaecumque
324 608 363 668 ad
377 609 551 692 religionem
564 622 752 692 spectarent,

50 713 111 776 vel
135 731 190 794 per
205 712 308 792 jocum
331 711 460 772 ludibrio
481 712 615 772 haberet.
643 714 753 798 Homi-

50 838 136 910 nem
156 815 257 896 itaque
280 815 481 898 trepidantem
509 839 602 878 manu
623 817 752 879 allevans

52 920 277 1002 amplexusque
292 965 302 996 ‚
324 919 441 1000 rogavit
454 931 488 978 ut
502 919 643 980 timorem
656 921 752 1004 depo·

51 1035 172 1096 neret,
197 1023 309 1084 addens
323 1023 365 1082 ita
379 1023 463 1082 brevi
479 1003 543 1096 sore
563 1035 595 1086 ut
615 1025 677 1108 ipse
693 1025 752 1088 ful-

52 1150 119 1210 gur
134 1127 305 1208 fulmenque
320 1128 466 1209 ejusmodi
485 1137 587 1212 posset
600 1130 747 1209 emittere.
852 1187 856 1204 ,

53 1231 141 1290 Tum
162 1229 190 1287 ei
212 1230 398 1290 demonstrat
419 1231 478 1312 qui
498 1243 561 1290 arte
582 1232 750 1315 sclopetum

54 1335 229 1398 conflatum
250 1334 305 1408 sit,
324 1348 435 1415 quanta
450 1337 487 1396 sit
500 1339 543 1397 vis
557 1338 687 1420 pulveris
701 1339 750 1398 ni-

54 1437 151 1510 trati,
171 1436 397 1519 sclopetumqne
413 1437 440 1496 ei
459 1440 607 1520 repletum
619 1440 749 1522 porrigit

53 1535 295 1618 explodendum.
317 1541 346 1596 V
345 1537 476 1594 endredi
487 1535 560 1596 vero
578 1537 671 1596 nimio
690 1536 748 1594 ad-

52 1642 119 1702 huc
138 1653 254 1700 terrore
270 1639 424 1722 perculsus
443 1651 533 1722 negat
554 1659 584 1700 se
605 1641 746 1721 explosu-

52 1767 150 1817 rum,
166 1756 311 1826 rogatque
324 1756 358 1804 ut
379 1745 538 1803 Robinson
557 1745 620 1825 ipse
634 1742 747 1802 iterum

53 1859 154 1910 tonet.
181 1847 261 1906 Tum
287 1849 444 1907 Robinson
470 1867 597 1928 scopum
623 1855 746 1906 centum

50 1973 161 2036 passus
195 1951 355 2012 distantem
397 1948 563 2032 designat,
604 1949 746 2032 socioque

53 2058 141 2138 juxta
168 2075 198 2114 se
226 2054 390 2120 collocato,
415 2055 581 2136 sclopetum
600 2050 754 2135 explodit.¹

52 2159 168 2221 Parnm
202 2157 317 2232 abfuit,
344 2159 417 2242 quin
449 2161 605 2220 Vendreclc'
634 2157 745 2219 iterum
852 2238 854 2248 Ι

54 2265 220 2324 interram
240 2263 430 2346 prociderem
453 2263 528 2324 adeo
549 2285 614 2345 quae
629 2263 746 2323 viderat

55 2380 147 2452 atque
168 2368 304 2428 audierat
317 2389 407 2453 supra
421 2371 567 2430 humanas
581 2368 659 2430 vires
681 2387 744 2427 esso

53 2475 217 2555 judicabat.
232 2473 364 2556 Scopum
373 2473 651 2556 plurimaplumbea
661 2471 743 2554 glans

56 2581 207 2663 attigerat,
217 2600 280 2660 quae
289 2579 387 2660 ipsum
396 2589 604 2660 penetraverat
614 2575 739 2656 lignum.
