1968 3378
322 243 539 306 Censores.
729 261 769 337 99

83 393 145 430 non
161 369 260 428 fuerat
273 368 453 442 instructus,
471 384 601 432 attamen
619 374 687 433 satis
701 375 770 436 ido-

83 495 158 532 neus
172 473 253 534 visus
269 485 313 532 est
327 473 494 555 dejiciendis
509 473 629 548 avibus,
645 475 771 536 minori-

81 575 202 657 busque
217 576 279 634 aliis
295 575 478 636 animalibus.
502 575 606 657 Neque
623 577 771 638 dubitavit

82 679 149 738 fore
172 691 206 737 ut
225 679 380 761 hominem
401 679 499 736 serum
520 679 723 760 nudumque,
745 681 769 741 si

82 781 210 861 quidem
226 782 294 842 satis
316 781 602 865 appropinqulsset,
618 805 653 843 eo
670 785 771 866 gravi-

82 894 132 944 ter
145 895 220 943 esset
233 884 453 944 vulneraturus.

123 987 265 1045 Attamen
293 984 393 1068 pluvia
421 983 557 1045 nondum
584 995 770 1064 cessaverat,

84 1069 139 1151 aed
157 1089 274 1150 duobus
289 1089 410 1149 tandem
425 1089 529 1170 elapsis
544 1089 693 1150 mensibus
709 1111 769 1151 cue-

85 1194 148 1252 lum
160 1192 250 1274 coepit
263 1191 414 1264 nitescere.
429 1192 518 1253 Nunc
531 1196 686 1253 Robinson
704 1194 769 1253 hie·
797 1189 799 1194 ’

84 1316 166 1356 mem
183 1295 344 1355 adventare
356 1295 488 1377 putavit,
505 1295 572 1356 clim
584 1299 645 1379 jam
664 1296 768 1356 contra

2 1427 6 1434 ·
83 1393 371 1459 hiemsexactaesset
379 1397 445 1476 3vix
454 1395 511 1456 suis
521 1397 567 1456 ille
578 1398 668 1459 oculis
677 1399 769 1458 fidem

84 1500 209 1578 habuit,
224 1499 293 1560 clim
308 1500 385 1559 alma
397 1501 473 1560 veris
488 1501 518 1562 vi
531 1523 608 1561 nova
621 1502 766 1582 gramina,

85 1625 180 1664 novos
195 1603 304 1674 flores,
325 1623 419 1662 novos
435 1601 568 1662 ¹surculos
583 1614 768 1682 emergentes

85 1716 233 1765 cerneret.
258 1704 321 1764 Etsi
341 1725 459 1764 causam
482 1725 543 1763 uon
567 1701 768 1782 intelligebat,

84 1829 131 1868 res
145 1819 248 1866 tamen
262 1818 325 1867 erat
335 1819 402 1867 ante
413 1807 525 1866 oculos.
537 1807 604 1866 Hoc
612 1803 747 1885 profecto
758 1849 767 1878 ,

1 1985 2 1988 Ἴ
83 1915 125 1972 ita
145 1912 259 1994 seipse
281 1911 457 1994 alloquitur,
488 1929 537 1969 me
561 1911 591 1968 in
614 1921 768 1991 posterum

83 2017 222 2078 monebit
244 2037 282 2076 ne
304 2017 477 2098 quidquam·
500 2015 659 2097 rejiciam,
685 2019 768 2098 cujup

82 2121 233 2186 rationem
245 2120 344 2188 auimo
355 2119 523 2203 perspicere
536 2139 693 2203 nequeam.
