1968 3378
334 333 553 398 Caesones.
731 364 787 407 ror

141 460 190 520 ad
211 459 290 520 hanc
312 459 508 520 calamitatem
530 462 688 530 accedebat
705 464 789 546 quod

99 577 265 646 parentum
278 561 482 644 societatisque
490 562 627 623 humanae
639 565 786 632 desiderio

5 713 7 718 .
103 666 222 726 animus
248 668 310 748 ejus
334 666 410 748 saep‘e
432 679 593 727 teneretur.
622 669 723 748 Quam
746 674 785 733 ob

101 786 168 825 rem
186 789 249 827 non
270 767 360 826 semel
381 766 543 847 ingemuit,
564 768 631 828 clim
653 791 669 828 e
688 771 787 833 littore

103 869 198 929 oculis
211 868 338 928 madidis
352 881 383 928 et
391 868 598 950 languentibus
614 875 716 932 oceani
730 876 789 935 cir-

103 983 322 1054 cumspectaret
335 973 587 1050 immensitatem,
600 997 698 1062 neque
710 980 790 1041 aliud

102 1088 212 1158 prater
233 1097 366 1158 aqumn,
384 1088 493 1160 praeter
513 1080 621 1140 coelum
636 1083 789 1166 conspice-

103 1193 160 1240 ret.
178 1181 306 1258 Quoties
329 1181 443 1242 animus
459 1185 522 1265 ejus
544 1185 634 1244 dubit
647 1209 697 1269 spe
711 1209 787 1270 pen-

105 1281 212 1354 debat,
229 1279 299 1342 ciun
320 1301 336 1340 e
356 1281 519 1364 longinquo
533 1287 714 1369 prospiceret
726 1311 787 1350 nu-

102 1383 242 1443 beculam
269 1403 306 1442 ex
327 1405 444 1464 aequore
458 1385 541 1467 quasi
557 1404 785 1473 emergentem,

6 1515 7 1522 ¹
104 1507 196 1566 quam
217 1485 272 1542 sibi
287 1486 463 1567 cogitatione
478 1511 584 1550 narem
604 1493 687 1552 malis
701 1495 789 1554 velis-

104 1609 162 1669 que
174 1588 352 1648 instructam
366 1589 512 1670 fingebat!
529 1590 606 1652 Culm
620 1599 692 1654 verb
704 1616 790 1656 erro-

104 1713 169 1752 rem
179 1713 268 1751 suum
280 1691 530 1752 animadverterat
542 1735 550 1754 .
563 1705 674 1772 quanto
686 1695 788 1770 luctu,

7 1803 8 1810 ’
103 1797 217 1875 quantd
239 1792 329 1851 animi
350 1793 523 1874 aegritudine
548 1815 705 1874 oppressus
732 1797 791 1857 do·

102 1919 190 1956 mum
205 1895 430 1958 revertebatur!
445 1893 452 1905 '

142 1998 264 2058 Veritus
279 2010 379 2057 autem
400 2020 438 2058 nc
458 1999 540 2059 navis
555 2000 652 2084 aliqua
664 2002 790 2066 insulam
822 2027 824 2032 ·

101 2100 371 2185 praten-veheretur
386 2114 437 2161 aut
452 2115 540 2164 etiarn
557 2107 636 2188 apud
652 2127 717 2168 eam
731 2132 788 2169 an-

102 2208 210 2267 choras
231 2209 358 2289 jaceret,
382 2206 451 2268 ciam
471 2211 533 2292 ipse
555 2213 585 2274 in
606 2216 704 2278 littore
726 2241 788 2280 non

101 2309 231 2380 adesset,
242 2309 273 2368 iu
283 2310 399 2370 tumulo
412 2313 543 2392 quodam
558 2317 706 2378 eminente
725 2321 788 2404 sig-

6 2417 7 2420 ’
99 2437 176 2476 num
209 2412 322 2494 erigere
357 2417 476 2494 statuit,
493 2441 553 2500 quo
573 2423 790 2506 appellentibus

98 2532 188 2572 suam
210 2509 409 2570 calamitatem
424 2513 578 2578 indicaret.
609 2520 712 2579 Stabat
732 2541 790 2598 pro

99 2613 189 2694 siguo
212 2611 329 2693 liguum
348 2634 383 2672 ex
404 2637 463 2696 quo
484 2607 652 2704 indusium,
674 2628 792 2677 uteret

100 2715 228 2782 ornuiu'o
258 2715 418 2796 attritum,
446 2722 662 2804 suspenderat3
697 2715 792 2779 verba

669 2821 687 2857 ᾳ
