1976 3366
219 252 276 314 ¹⁷⁰
463 230 665 294 Rourusou

216 359 301 422 cnim
314 367 344 420 tc
366 355 470 441 diligo.
495 359 569 438 Qua
591 356 679 418 autel
695 357 775 434 dixi,
791 360 859 424 haec
878 357 923 422 all·

220 465 314 527 fidem
332 475 417 524 tuam
437 462 652 546 explorandam
671 461 753 524 dicta
773 479 869 540 sunt,
885 479 918 527 ut

219 569 421 653 intelligerem
448 589 487 628 an
513 579 582 628 tuus
607 585 677 626 mco
705 568 804 628 autori
828 591 917 632 amor

217 694 275 758 par
294 681 381 733 esset.
402 673 484 749 Quas
503 667 586 728 vides
604 668 749 750 lacrymas
764 690 805 730 eae
823 683 915 732 testes
975 734 976 760 ᾖ

219 787 293 838 runt
312 773 441 836 caritatis
463 792 545 831 meae.
567 771 631 854 Ego
654 783 684 831 te
709 773 823 836 iterum
850 797 916 838 am.
975 777 976 784 ’

219 881 352 964 plectar5
373 878 477 938 fletum
492 889 669 956 teneamus,
689 895 746 940 uec
767 879 848 940 alter
871 882 915 942 al-
975 885 976 928 ἒ

218 995 321 1050 terum
336 983 470 1063 unqulm
483 981 611 1041 deserat.

261 1115 365 1194 ltaque
371 1123 405 1171 ut
416 1110 550 1171 animum
563 1107 817 1173 amiciamoerore
830 1132 915 1176 aver

121 1268 131 1288 ,
217 1225 312 1285 teret,
327 1213 384 1273 init
402 1229 573 1275 sermonem
593 1213 631 1274 de
650 1213 761 1296 scaphb
777 1215 915 1295 quddam

216 1314 411 1394 fabricandd,
421 1315 568 1398 pluraque
583 1319 617 1378 ed
631 1315 668 1377 de
684 1336 716 1375 re
728 1315 908 1378 sciscitatur.

218 1415 302 1479 Cltm
342 1417 498 1477 Vendredi
541 1417 691 1502 responsis
737 1421 913 1480 Robinsouo'

217 1521 341 1584 abuudb
367 1521 584 1597 satisfecisset,
612 1522 664 1583 bic
697 1522 782 1582 illum
817 1547 911 1587 mauu

218 1628 405 1714 prehensum
426 1647 528 1687 sacrun
549 1624 674 1686 abduxit
690 1638 725 1687 ut
738 1630 909 1689 ostenderat

219 1733 361 1817 cymbam
381 1730 429 1792 cui
453 1729 633 1790 fabricandae
657 1731 721 1812 ipsc
740 1733 908 1813 permultos

219 1837 282 1918 jam
291 1854 384 1894 annos
393 1829 595 1914 impenderat.v
601 1831 760 1897 Ilendredi
765 1843 907 1895 truncum

220 1935 342 1997 intuens
354 1935 404 1998 vix
420 1932 508 1994 tertid
521 1944 607 2016 parte
621 1945 796 1995 excavatum
810 1937 908 1995 subri-

218 2039 270 2102 sit.
290 2039 370 2100 cum
391 2049 492 2097 autem
505 2039 663 2096 Robinson
678 2057 714 2097 cx
729 2057 765 2100 eo
777 2040 906 2120 quaesiis-

214 2149 281 2210 set,
294 2137 439 2218 quidnam
451 2135 493 2197 illi
504 2135 536 2196 in
548 2133 608 2195 hoc
617 2155 709 2217 opere
722 2136 822 2196 minuls
834 2161 907 2220 pro·

219 2240 356 2316 lucretur,
362 2242 389 2299 V
390 2241 519 2302 cudredi
530 2240 685 2322 respondit
695 2241 818 2318 miuimd
831 2265 903 2325 opus

219 2343 410 2407 suissc⁴tauto
431 2344 487 2406 isto
509 2344 634 2418 labore,
654 2345 801 2427 ejusmodi
820 2359 906 2406 trun·

222 2467 294 2510 cum
319 2443 398 2504 intra
421 2465 533 2527 paucos
556 2444 619 2504 dies
643 2445 748 2531 mallius
772 2446 906 2510 excavari

219 2567 321 2642 poste.
699 2531 702 2538 .

261 2655 384 2746 Quibus
408 2653 523 2724 auditis.
536 2657 694 2724 Robinson
714 2656 905 2726 vehementer
