1976 3366
244 187 302 228 ooo
487 165 685 224 Rosiusou

221 295 377 356 ¹evulsum
399 316 417 354 ι
437 292 538 352 littore
569 292 600 352 in
630 292 723 352 altum
745 296 936 377 projecerat,

244 398 283 456 Et
301 397 381 457 certe
398 395 422 456 si
443 395 508 476 quis
527 392 609 454 hunc
628 395 772 458 miserum
786 397 923 472 vidisset,

242 496 296 576 qui
315 509 402 558 uunc'
417 495 534 556 dulcem
554 494 646 575 patris
668 495 819 556 revisendi
844 519 923 578 speu

243 587 366 658 omnino
379 597 543 658 amisereta
555 596 690 678 lucrymis
704 597 787 658 cert‘e
801 599 925 659 abstine·

242 717 275 756 rc
289 721 348 758 non
360 697 513 781 potuisset.
529 697 580 756 llle
589 695 746 778 expalluit,
763 709 869 758 mutus
882 698 927 758 ali

243 802 376 883 quandiiu
388 803 478 865 oculis
493 803 524 861 in
537 814 649 863 terram
662 800 762 860 defixis
770 824 780 878 3
794 813 872 864 tunc
883 825 928 864 su-

242 901 310 962 bito·
326 903 356 962 in
376 902 519 986 lacrymas
548 920 724 984 erumpere,
747 899 801 960 sibi
820 922 929 968 manus

242 1015 383 1084 torquere
409 1047 418 1078 ,
453 1015 557 1086 pectus
583 1013 740 1084 percutere
765 1045 774 1076 ‚
798 1002 928 1062 avellere

238 1123 348 1165 crines.

278 1232 436 1290 Robinson
460 1233 512 1313 qui
538 1233 665 1316 propriis
683 1233 767 1294 malis
795 1234 926 1296 aliorum

238 1333 372 1394 misereri
384 1335 548 1412 didicerat,
564 1337 635 1399 socii
649 1337 752 1398 dolore
764 1338 829 1420 ipse
844 1359 925 1400 com·
974 1367 977 1432 Ι

233 1451 358 1513 motus,
377 1441 477 1502 amicis
499 1441 673 1523 lenibusque
687 1441 807 1502 monitis
820 1443 926 1502 studet
976 1437 977 1442 ¹

238 1568 306 1609 eum
328 1546 367 1606 ad
386 1546 631 1628 tranquillitatem
651 1546 742 1606 animi
762 1547 924 1608 reducere.

278 1651 329 1710 llle
346 1651 459 1710 interea
480 1667 625 1708 oceanum
647 1649 827 1718 immensum
848 1672 927 1714 ocu-

236 1754 271 1814 lis
303 1753 492 1835 perlustret,
523 1751 546 1810 si
568 1751 645 1812 fort'e
673 1771 781 1811 navem
808 1751 923 1813 alicubi

235 1858 328 1938 possit
342 1856 521 1938 conspicere.
545 1854 606 1914 Sed
623 1854 750 1934 frustrd3
771 1875 856 1916 exeo
873 1857 926 1916 in-

235 1960 345 2018 tellexit
360 1979 390 2018 se
401 1978 512 2032 errasse
522 1977 644 2038 ,oeque
657 1956 782 2038 amplius
798 1957 925 2019 dubita-

233 2062 420 2122 vit-sonitum
441 2063 525 2122 illum
545 2083 635 2144 quem
655 2061 799 2122 tormenti
815 2061 924 2146 frago-

232 2179 298 2220 rem
312 2172 393 2232 satus
412 2175 476 2223 erut
489 2165 587 2246 ipsum
609 2161 722 2222 tonitru
742 2160 840 2221 fuisse.
856 2163 923 2221 lta-

232 2281 290 2344 que
311 2260 400 2322 tristis
422 2266 547 2326 domum
570 2265 657 2325 rediit
677 2264 760 2346 quod
779 2285 830 2348 spe
852 2278 920 2329 tam

231 2363 296 2424 laetd
308 2363 407 2422 denuo
421 2366 579 2428 frustratus
590 2379 676 2429 esset.

268 2491 311 2552 lbi
320 2501 420 2550 autem
429 2493 611 2582 requiescere
623 2491 711 2576 plane
725 2515 786 2554 non
792 2493 914 2574 potuit,

229 2597 339 2683 quippe
349 2595 448 2679 imago
469 2598 551 2662 navis
563 2601 719 2684 cujusdam
731 2596 770 2662 ad
782 2597 913 2679 iusulam
