1976 3366
306 301 515 362 Causorus.
697 319 753 384 197

104 421 247 482 Tandem
276 421 365 482 horto
396 423 491 504 probe
518 413 653 496 exemto,
693 424 754 482 dies

59 527 232 588 constituta
253 538 296 586 est
321 529 378 606 qna
404 527 440 586 ad
465 539 581 608 patrem
601 529 772 603 Verrdreclaff

59 628 282 688 adducendum
303 631 466 710 profecturi
486 644 579 690 erant.
597 633 667 708 Quo
680 655 754 713 pro-

58 730 136 811 pior
144 742 250 789 autem
267 743 331 790 erat
350 731 410 790 dies
425 732 523 790 itineri
536 733 698 800 destinata}
716 733 752 790 eo

59 834 369 913 majorRooinsom's
398 834 538 892 anxietas.
573 835 648 890 Fieri
674 833 753 892 enirn
782 822 787 834 ’

60 947 190 1016 poterat
221 949 255 995 ut
292 929 437 1007 barbari,
466 935 571 1018 spretis
603 937 758 994 Vendr·edi

62 1039 199 1098 consiliis
238 1041 458 1121 precibusque,
495 1041 645 1121 hospitem
677 1041 754 1098 mali

61 1140 264 1204 mulctarent.
285 1147 388 1226 ltaque
403 1143 512 1204 diutiirs
526 1143 672 1204 abstinere
694 1167 754 1204 non
803 1124 810 1136 ³

62 1233 171 1329 potuit
190 1247 262 1328 quin
285 1247 367 1307 hunc
381 1247 522 1307 timorem
543 1247 638 1310 amieo
653 1246 754 1308 decla-

63 1347 161 1410 raret.
179 1351 363 1431 Quiquidem
374 1351 567 1432 jurejurando
581 1350 758 1408 Robz'izsoni
799 1359 803 1366 '

65 1454 198 1514 affirmat
216 1454 357 1512 timorem
385 1456 446 1535 ejus
481 1474 541 1513 esse
554 1446 698 1527 sanum,
722 1472 753 1511 se

64 1556 262 1640 popularium
289 1579 412 1618 suorum
437 1557 551 1616 animos
572 1557 640 1616 satis
670 1576 756 1635 pers·
824 1592 827 1603 ‹

66 1673 173 1744 pectos
185 1659 297 1720 habere
307 1709 316 1740 ,
325 1659 449 1740 illosque
462 1659 614 1718 neminem
624 1659 756 1739 unquaim

72 1765 206 1836 laedere,
235 1763 290 1822 nisi
317 1745 444 1824 hostem.
467 1764 626 1822 Robinson
661 1763 756 1822 amico

69 1866 162 1926 fidem
170 1864 286 1939 habuit,
302 1849 444 1946 omnique
461 1876 544 1923 metu
556 1864 672 1946 abjecto
686 1864 757 1924 socii

70 1965 223 2054 probitate
249 1963 342 2024 fretus
369 1964 416 2023 die
442 1963 580 2046 proximo
602 1962 667 2022 vela
688 1961 757 2020 dare

73 2077 238 2129 constituit.

114 2167 180 2228 Hac
199 2179 299 2228 mente
315 2167 454 2248 scapham
468 2187 532 2246 quae
544 2165 604 2224 huc
619 2187 711 2247 usque
727 2167 758 2228 in

76 2273 155 2336 sicco
174 2282 374 2342 remanserat,
397 2267 427 2326 in
450 2289 558 2348 aquam
579 2263 758 2342 retrahunt,

76 2377 205 2460 palaque
224 2373 254 2431 in
275 2383 386 2432 terram
407 2370 502 2430 defixo
525 2370 659 2452 religant.
684 2372 760 2457 Vesf

79 2497 150 2562 pere
172 2474 277 2535 eodem
299 2475 405 2534 tubera
426 2473 597 2534 solariorum
620 2487 758 2560 torrent,

81 2579 211 2659 aliosque
225 2578 304 2638 cibos
318 2590 425 2660 parant
438 2589 470 2638 at
483 2599 583 2643 seeum
603 2575 679 2666 oc'tov
693 2581 758 2670 die-¹

81 2673 265 2748 'rumviatica
279 2681 448 2764 deportent.
492 2683 494 2690 '
800 2681 803 2688 “

665 2759 753 2853 ἢ..
