1982 3398
161 242 202 321 54
406 240 605 299 Βοιιιιιοιι

162 371 311 434 tuccessit.
335 355 415 432 Cum
436 367 517 428 enirn
536 389 613 425 unus
636 385 652 422 e
674 363 762 454 pullis
780 361 858 420 satis

162 474 488 562 tippropinqndsset
476 453 655 547 insidianti,
693 470 855 528 Robinson

162 582 310 666 cervicem
324 581 386 660 ejus
400 577 546 660 percussit
558 583 641 634 tanto
654 575 734 646 ictu,
748 585 782 631 ιιι
797 593 854 630 ex-

163 680 276 768 templi)
297 683 439 756 exanimis
460 665 519 740 ille
509 681 725 781 procideret,
746 679 856 746 hume-

163 783 262 870 iisque
286 783 461 868 impositum
480 791 581 845 secuin
602 779 856 858 inhabitaculum

165 889 342 973 asportavit
568 886 572 896 '

204 1009 282 1070 Cum
315 1005 445 1088 rediret,
480 995 595 1067 invenit
622 1003 734 1086 aliquid
770 1003 857 1084 quod

165 1111 296 1194 magud
287 1131 387 1194 ipsum
399 1107 499 1170 letitie
513 1109 662 1188 alliceret}
655 1105 790 1168 ·scilicet
805 1127 859 1166 sex

166 1224 218 1272 aut
241 1223 309 1271 octo
328 1209 422 1276 malos
443 1209 548 1270 citreae
573 1190 628 1269 suli
650 1209 757 1305 quibus
778 1205 860 1298 ιιοιιέ

166 1313 240 1408 nulli
255 1313 399 1394 fructus
389 1336 452 1396 Jam
472 1299 584 1374 manin
602 1311 780 1374 ceciderant
798 1311 860 1370 Illis

107 1425 110 1434 ’
168 1415 283 1476 curiose
306 1415 457 1489 collectis,
481 1417 609 1511 locoque
630 1425 755 1487 notato,
770 1413 860 1496 hilari

169 1513 269 1582 animo
286 1517 412 1580 domum
426 1501 591 1581 contendit.
616 1518 661 1576 lbi
680 1531 781 1578 autem
795 1517 862 1598 pri-

168 1623 220 1686 ιιιὸ
234 1623 325 1708 coepit
335 1623 445 1684 lamam
456 1623 617 1683 excoriare.
632 1605 724 1702 Quod
734 1622 861 1706 quidem

170 1725 298 1792 confecit
316 1749 374 1813 ope
389 1729 475 1789 silicis
489 1727 588 1816 acuti,
604 1750 665 1810 quo
683 1749 739 1809 pro
760 1726 862 1788 cultro

169 1823 321 1907 utebatur.
335 1835 445 1896 Pellem
460 1836 624 1895 detractam
638 1833 675 1892 ad
691 1831 786 1892 solem
805 1853 871 1891 ex·-

169 1937 294 2018 pandit3
310 1939 526 2020 quamquidem
538 1937 717 2020 praeviderat
726 1936 783 1996 sibi
796 1959 871 2020 non:

170 2039 316 2099 mediocri
332 2041 394 2099 fore
405 2042 536 2100 utilitati.
555 2039 762 2102 Calceamenta
778 2040 867 2102 enim-s

171 2139 341 2220 tibialiaque
353 2141 444 2220 longo
461 2166 515 2202 usn
531 2144 631 2203 attrita
643 2157 738 2204 erant.
751 2143 862 2204 Existi-

171 2243 264 2303 mavit
273 2263 361 2324 ergo,
372 2244 426 2318 ,ubi
435 2247 524 2306 calcei
534 2247 719 2324 defecissent,
731 2270 761 2309 se
772 2271 864 2332 posse

172 2341 541 2430 coccosepelleconlicere,
553 2373 629 2432 quos
637 2353 862 2438 pedibussubli-

172 2463 265 2536 garet.
277 2451 424 2515 Sollicitus
433 2455 552 2539 qubqne
563 2457 600 2518 de
612 2459 730 2542 hyeme,
739 2481 864 2544 magno·
917 2457 920 2462 ’

171 2554 861 2646 pei-'elaetatusestquodpellemvillosamnactus

172 2662 320 2746 esset'qud
334 2681 365 2722 se
386 2673 491 2726 contra
503 2663 566 2726 vim
578 2665 696 2748 frigoris
712 2667 858 2727 defende·
872 2695 875 2706 ·
