1968 3378
217 291 271 363 ¹40
473 279 674 362 Rosrnsors

212 411 288 474 Siste
310 409 458 494 gradum!
485 397 527 468 At
541 409 590 468 isse
605 456 614 485 ‚
646 418 769 490 aspectu
782 407 913 466 Robin-

211 524 297 580 eom's
318 518 442 600 pellibus
463 515 577 575 horridi
603 513 780 596 obstupuit,
816 527 908 574 ratur
965 533 967 578 t

213 646 275 684 esse
296 625 423 705 aliquem
446 643 534 702 supra
561 621 723 678 humanum
746 618 908 678 conditio·
965 581 967 714 1

212 747 282 788 nem
294 769 302 800 ,
316 727 503 803 incertusque
518 734 618 780 utrnm
634 743 664 781 se
679 721 715 780 ad
730 719 822 802 pedes
834 723 903 803 ejus

212 829 389 909 projiceret,
406 848 442 884 an
458 823 526 882 vero
541 823 639 903 fugam
655 835 900 903 persequeretur.
965 893 967 906 ⁴

212 929 368 988 Rubinsou
384 927 409 985 ei
425 947 516 984 manu
531 925 672 1004 significat
688 923 788 982 adesse
800 947 833 984 se
849 923 902 985 de·
965 941 967 984 t

211 1033 383 1100 sensorem‚
408 1043 437 1087 et
451 1029 548 1088 subit'o
564 1049 722 1088 conversus
738 1030 759 1087 it
774 1029 900 1088 obviam
965 1031 967 1116 ⁴

210 1135 356 1201 hostibus.
367 1131 513 1204 Priorem,
524 1154 592 1194 eum
603 1135 661 1214 jem
673 1131 795 1214 propius
807 1147 897 1210 esset,
966 1127 967 1132 ¹

163 1255 167 1260 ’
210 1225 293 1298 113311
314 1257 487 1316 percussum
505 1237 533 1296 vi
554 1241 661 1320 magnei
683 1237 791 1319 dejicit.
809 1237 900 1298 Alter·

211 1342 261 1424 qui
276 1351 398 1400 eentum
415 1339 532 1400 circiter
552 1363 652 1422 passus
669 1341 792 1412 aberat,
812 1351 897 1400 utto-

209 1433 289 1502 nitus
303 1451 402 1522 stupet
409 1464 418 1518 3
435 1451 500 1499 tum
514 1463 617 1500 areum
632 1443 736 1522 sagitte
752 1440 873 1499 iustruit
882 1485 893 1515 ,

211 1569 300 1628 quarn
314 1545 344 1604 in
362 1549 562 1604 Robz'nsonem
582 1547 643 1626 jam
658 1543 793 1626 proxime
809 1565 893 1605 acce·

212 1651 352 1722 dentem,
371 1649 532 1730 intorquet.
549 1650 599 1708 ttta
615 1661 718 1730 pertus
728 1651 791 1727 eius
803 1649 891 1725 serit,

210 1754 263 1814 sed
278 1755 352 1812 adeo
368 1753 472 1812 leviter
491 1755 597 1834 pellem
621 1756 678 1834 qui
693 1752 813 1814 indutus
829 1765 893 1814 erat

208 1856 325 1916 strinxit
350 1867 384 1914 ut
400 1876 508 1936 corpus
534 1853 613 1914 ferro
640 1867 714 1914 esset
733 1853 889 1912 intactum.

209 1956 288 2016 Turn
304 1961 461 2017 Robinson
476 1957 569 2040 priori
583 1957 709 2016 victorii
720 1955 820 2028 feror,
836 1979 889 2015 ve·

208 2060 341 2119 hementi
354 2063 469 2142 impetu
486 2063 599 2134 elatus,
625 2061 786 2120 barbarum
807 2083 892 2140 pros·

208 2161 309 2224 travit.
332 2161 447 2222 Deinde
474 2163 629 2222 hominem
659 2163 779 2243 respicit
806 2165 886 2243 cnjus

207 2259 299 2321 vitum
322 2277 517 2345 servaverut3
549 2267 597 2326 hie
624 2278 731 2342 autem,
750 2265 887 2327 timorem

207 2365 287 2426 inter
301 2378 329 2426 et
343 2387 426 2450 spem
441 2367 547 2429 dubius
561 2369 667 2430 eodem
680 2371 709 2429 in
723 2369 789 2430 locu
802 2371 890 2428 here-

207 2469 270 2541 bat,
282 2467 411 2530 incertus
425 2483 527 2531 utrum
536 2475 598 2533 haec
609 2475 709 2534 omnia
722 2495 780 2532 suae
790 2473 888 2535 salutis

209 2571 298 2634 «eust
316 2587 495 2656 agerentur,
517 2597 554 2636 an
574 2577 629 2638 sibi
650 2579 752 2662 ignoti
768 2577 886 2641 victoris
