1968 3378
339 355 556 417 Cuusoeus.
732 361 784 421 151

93 481 245 568 speluuci
274 481 437 543 recubandi
471 448 622 542 licentiim
646 481 786 547 dedisset.

94 587 226 648 Etenim
250 607 313 646 nou
347 585 416 646 satis
440 597 541 645 tutum
565 584 669 661 habuit
693 586 787 646 vitam

96 713 190 754 suam
212 709 382 772 caecumque
412 690 611 750 subterraneae
639 689 694 752 viae
724 689 787 752 exi-

95 808 170 857 tum
184 795 306 856 credere
320 806 442 855 externo
458 805 488 852 et
498 793 667 875 alienigene
679 793 716 853 de
731 815 787 854 cu·

95 901 148 981 jus
164 897 304 957 fidelitate
316 890 453 956 nundum
466 895 563 954 adhuc
577 896 707 975 spectati
723 915 785 954 non
844 949 848 956 .

97 999 173 1058 satis
194 997 358 1058 constabat.
375 998 477 1077 ltaque
492 995 614 1078 jubetur
632 997 789 1055 Vendredi

97 1115 135 1162 ut
148 1102 290 1162 idoneam
302 1100 373 1161 soeni
383 1101 500 1182 copiam
511 1101 542 1160 in
559 1119 680 1160 caveam
689 1112 787 1161 trans-

95 1219 220 1290 portet,
236 1207 349 1289 sibique
360 1207 429 1266 inde
439 1219 525 1289 paret
547 1206 644 1266 cubile
658 1232 668 1286 3
690 1227 785 1267 novus

96 1311 217 1369 interea
235 1327 309 1380 rex,
332 1319 366 1366 ut
378 1307 528 1368 securitati
551 1329 610 1367 suu
632 1307 785 1384 consulat,

54 1409 61 1420 ’
97 1435 186 1473 arma
206 1414 307 1473 omnia
320 1412 350 1472 in
363 1411 534 1472 cubiculum
548 1434 635 1471 suum
657 1412 783 1473 confert.

141 1541 223 1602 Tum
239 1543 439 1601 Robinsonem
453 1561 513 1598 non
528 1539 636 1620 puduit
649 1539 679 1598 iu
697 1562 786 1600 cons-

97 1660 192 1731 pectu
224 1645 319 1707 totius'
343 1643 447 1729 populi
473 1642 579 1704 humili
602 1664 636 1704 ac
663 1641 785 1722 prorsus

99 1750 211 1834 agresti
220 1747 383 1809 ministerio
392 1747 552 1829 iungiQui
562 1745 706 1806 universe
715 1767 787 1826 qua-

100 1856 161 1938 qui
182 1854 303 1936 patebat
322 1851 424 1912 iusuloe
445 1849 659 1932 imperitabat,
682 1850 733 1931 qui
754 1850 786 1911 iu

100 1981 169 2018 suos
178 1979 281 2018 omnes
295 1957 429 2019 subditos
438 1956 505 2016 viloe
517 1954 657 2034 necisque
672 1954 717 2033 jus
729 1952 786 2012 ha·

99 2063 192 2124 bebat
207 2108 215 2135 ,
230 2063 278 2122 ille
293 2085 354 2124 non
368 2060 509 2132 erubuit,
526 2058 663 2120 servilem
675 2057 705 2118 iu
720 2079 787 2118 mo-

102 2166 195 2240 dum,
210 2163 296 2246 regiis
310 2164 447 2224 manibus
461 2161 783 2247 lamasipsemuigere,

101 2283 136 2330 ut
144 2268 200 2328 rite
214 2269 337 2330 doceret
357 2268 547 2339 ministrum,
563 2267 611 2328 cui
622 2269 700 2327 hauc
712 2287 787 2348 pro-

100 2373 232 2436 vinciam
245 2373 349 2456 postei
367 2373 511 2435 mandare
528 2373 558 2432 in
577 2372 676 2432 animo
689 2371 786 2429 habe-

54 2558 57 2564 ·
101 2477 163 2538 bat.
183 2477 239 2538 Hic
256 2477 328 2538 verb
350 2477 485 2560 quamvis
501 2495 565 2536 rem
579 2474 689 2536 atteut'e
710 2495 785 2534 con-

102 2579 265 2649 sideraret,
293 2579 353 2659 qu'o
384 2590 483 2638 tamen
497 2587 645 2659 spec¹aret
660 2569 784 2632 minim'e

102 2680 253 2741 intellexit.
270 2680 390 2762 Quippe
402 2702 457 2742 uec
480 2681 528 2740 ille
541 2701 597 2740 nec
611 2679 673 2758 ejus
687 2694 786 2755 popu-

102 2786 201 2868 lures,
222 2797 258 2852 ut
277 2785 378 2852 hebeti
391 2785 514 2870 prorsus
536 2793 622 2848 erant
642 2777 783 2863 ingenio,
