1962 3384
337 267 538 326 Crusorus.
715 269 790 328 261*

89 397 220 457 horrore
232 389 314 450 videt
326 377 485 451 nonnullos
496 399 655 452 nautarum
667 391 774 454 strictis

91 492 197 578 gladiis
222 510 329 550 necem
358 491 477 572 captivo
505 490 713 567 intentantes,
740 513 793 552 ao=

90 595 204 658 deinde
218 595 312 654 tribus
323 596 457 676 .captivis
477 595 584 657 relictis
603 596 776 677 proximum

90 711 229 784 petentes
236 719 353 759 nemus.
363 697 407 762 Illi
414 696 528 759 intereat
537 697 680 758 sedebant
685 721 777 760 moer·
788 721 792 732 ¹

90 813 126 860 to
142 799 316 881 dejectoque
329 800 432 873 vultu,
445 799 483 858 ad
499 801 691 882 cogitationes
705 799 777 880 quid

43 937 53 948 ·
92 902 205 964 deinde
226 903 363 964 futurum
389 916 465 965 esset
490 904 593 964 dolore
620 924 790 964 converso.-

91 1007 175 1068 Tum
188 1009 346 1068 Robinson
365 1011 449 1091 cujus
462 1009 504 1066 ‘in
526 1021 659 1070 mentem
676 1008 791 1069 alienis‘

91 1095 185 1173 malie
192 1111 314 1194 propria
325 1112 543 1173 revocabantur
556 1158 565 1187 ,
585 1114 700 1174 miseris
717 1113 778 1173 istis

92 1217 268 1277 homiuibus
283 1216 337 1276 ·vel
355 1216 448 1299 ipsius
462 1217 528 1276 vitae
539 1217 673 1301 periculo
688 1237 779 1300 opem

94 1319 175 1380 serre
183 1321 294 1381 statuit.
303 1322 398 1403 Igitur
411 1322 780 1404 Vendredijubetursclo-

94 1429 179 1502 pete,
189 1419 301 1501 gladios
309 1421 794 1504 apparatumquetormentarium-

96 1522 189 1605 quam
209 1523 363 1584 celerrime
387 1523 515 1606 afferre3
538 1524 601 1604 ipse
625 1544 780 1584 remanere

96 1627 188 1688 satius
202 1626 285 1688 duxit
298 1674 307 1704 ,
326 1627 530 1710 speculaturus
544 1649 609 1712 quae
620 1647 781 1709 sequeren-

96 1744 160 1792 tur.
170 1729 292 1791 Cunctis
304 1733 394 1813 igitur
404 1730 442 1791 ad
451 1729 650 1814 pugnandum
659 1729 779 1812 paratis,

96 1836 291 1916 magnacum
308 1834 461 1919 voluptate
476 1836 570 1898 nostri
591 1833 781 1895 animadver-

98 1952 171 2003 tunt
192 1955 296 2004 nautas
317 1955 457 2025 vagantes
480 1945 512 2003 in
539 1943 648 2001 umbra
669 1941 791 2023 passim·

99 2046 245 2107 recubare
257 2059 291 2107 ut
302 2069 420 2121 somno,
432 2048 490 2108 diei
498 2047 694 2108 fervidissimo
705 2058 783 2106 tem-

99 2170 176 2232 pore
191 2195 199 2223 ‚
214 2149 416 2231 indulgerent·
429 2150 509 2210 Tum
522 2153 697 2224 Robinson,
713 2149 783 2212 cirm

100 2253 258 2336 paululum
277 2267 480 2338 expectasset,
506 2254 667 2315 confidenti
682 2257 783 2316 animo
863 2293 871 2299 κ

103 2357 142 2418 ad
160 2357 284 2418 miseros
299 2360 363 2420 illos
377 2359 500 2448 accedit.
515 2359 576 2436 Qui
590 2357 659 2418 ciam
673 2358 747 2420 facie
767 2381 785 2417 a

102 2465 279 2523 Robinsone
298 2466 399 2526 averse
412 2465 570 2538 sederent,
587 2466 705 2524 attoniti
721 2479 784 2523 stu-

102 2579 260 2650 puerunt,
287 2567 388 2627 audita
400 2573 474 2624 v'oce
494 2563 591 2624 subito
611 2563 782 2624 clamantis:

104 2671 239 2749 Quinam
253 2669 308 2730 viri
320 2668 387 2728 estis
401 2665 518 2726 tntilli
534 2667 651 2739 exilire,
668 2664 790 2743 fugam·
