1976 3366
287 231 502 296 Crusouus.
686 257 745 318 229

16 357 145 418 rituir
175 357 296 439 Quippe
319 360 368 440 qui
390 381 471 420 nunc
496 357 621 420 liaberet
639 359 741 419 follem

20 470 230 539 tantamque
244 458 315 517 ferri
336 460 474 541 copiam,
490 473 601 541 quauta
614 460 669 520 sibi
685 480 741 541 per

17 569 147 622 totam
161 563 256 621 vita'm
270 605 278 634 ,
294 561 385 642 quam
398 562 488 644 longa
502 563 589 636 foret,
605 562 738 622 sufficere

21 665 216 726 videretur.
234 666 329 748 Igitur
345 666 440 748 pluvii
462 669 604 750 temporis
618 679 737 748 partem

20 769 238 832 ferramentis
259 771 420 832 conflandis
437 785 468 831 et
488 773 667 834 excudendis
678 771 737 832 im-

21 870 205 956 pendunr5
221 871 427 952 quodquidam
436 871 670 953 postuounullos
683 893 735 931 co-

20 993 132 1041 natus
153 978 253 1039 irritos
265 978 406 1061 praeclare
422 978 477 1038 illis
491 978 638 1038 successit.
659 978 732 1036 Pos-

23 1085 87 1146 tea
102 1096 134 1142 et
149 1095 284 1142 aratrum
296 1086 544 1164 excogitaverunt
557 1095 617 1142 tam
630 1083 693 1140 leve
702 1092 732 1140 et

26 1200 148 1271 aptum
170 1198 206 1245 ut
229 1186 314 1246 lamae
337 1187 406 1269 ipsae
425 1185 534 1246 sensim
551 1186 670 1257 ,arando
685 1208 730 1247 as-

25 1291 203 1353 sueverint.
234 1291 312 1348 Tum
339 1293 409 1351 occa
440 1291 593 1372 perfecta,
623 1301 725 1350 exacto

25 1411 177 1478 tempore
193 1393 316 1476 pluvio,
339 1395 414 1454 duos
431 1394 575 1454 frumeuti
585 1394 724 1466 modios,

22 1524 133 1562 unum
155 1500 276 1571 hordei,
301 1498 459 1558 dimidium
483 1499 618 1578 pisorum
638 1509 726 1556 terre

25 1601 188 1666 commisit
213 1623 277 1684 quae
301 1601 527 1660 herbescentem
547 1598 631 1658 brevi
646 1597 724 1657 fudit

22 1707 217 1773 viriditatem
229 1750 238 1779 ,
250 1718 280 1766 et
293 1706 371 1766 intra
387 1706 462 1766 duos
478 1723 594 1763 menses
610 1702 723 1762 semina

25 1815 87 1876 sibi
100 1811 259 1872 commissa
272 1809 438 1871 incredibili
451 1809 566 1868 foenore
576 1805 718 1866 reddidit.

68 1912 198 1976 Interim
213 1933 302 1993 capra
317 1911 391 1972 duos
400 1919 558 1992 pepererat
572 1907 717 1982 haedulos,

23 2023 67 2083 ita
86 2030 123 2078 ut
133 2017 191 2076 hoc
208 2037 328 2098 quoque
340 2015 514 2075 animalium
525 2034 617 2096 genus
631 2012 661 2072 in
674 2011 718 2088 iu·

24 2128 93 2190 sula
106 2133 333 2206 propagaretur.
348 2121 436 2183 Canis
447 2120 578 2182 custodis
591 2139 716 2180 munere

24 2241 122 2291 noctu
137 2226 324 2308 fungebatur.
339 2226 481 2286 Psittacus
492 2224 637 2304 sivelinter
650 2245 714 2284 οω-

24 2333 164 2396 nandum
184 2331 245 2390 sive
262 2330 340 2388 iuter
362 2328 560 2390 laborandum
575 2348 625 2388 ecs
645 2350 715 2410 gar-

26 2439 134 2501 riendo
145 2435 307 2495 recreabat.
319 2435 527 2495 Lamoeautem
540 2455 621 2494 nunc
635 2455 716 2492 sum·

25 2566 111 2607 mam
119 2539 276 2602 utilitatem
282 2537 337 2598 iltis
345 2539 545 2621 praestiterunt
551 2563 562 2620 3
575 2538 620 2597 hae
630 2534 711 2595 euim

599 2639 628 2704 V
