1976 3366
324 285 541 350 Gruterus.
719 290 779 372 ιβ

79 403 202 464 lumine
214 447 222 475 ,
240 403 429 485 amicumque
441 406 554 464 hahere
564 404 686 487 quicum
698 418 778 466 tem·

79 524 143 584 pus
164 503 245 560 inter
261 523 352 584 opera
367 503 530 564 domestica
545 503 683 585 jucundis
698 527 774 566 con-

79 605 321 666 fabulationibus
355 607 535 668 traduceret.
569 607 664 669 Antei
693 609 777 672 enim
869 629 878 643 '¹

81 713 187 771 tristes
201 711 269 772 istas
281 723 384 774 noctes
398 711 546 773 solitarius
559 711 590 772 in
612 711 673 772 otio
689 723 719 772 et
733 725 775 772 te-

80 811 188 870 nebris
210 811 344 894 degerat.
358 811 428 871 Jam
445 810 518 873 verb
542 833 611 873 cum
633 811 714 872 socio
735 811 776 879 ad

81 917 260 998 lampadem
279 928 309 976 st
321 915 424 996 focum
439 917 562 992 sedens,
583 917 615 977 in
630 916 727 999 aliqui
741 937 774 976 re

83 1021 774 1106 gerendioccupatuS,consnbulaturnequeun·

82 1125 179 1206 quim
196 1124 279 1206 gravi
293 1124 416 1208 desidiae
429 1126 564 1209 pondere
579 1125 773 1210 opprimitur.

124 1232 227 1311 Atque
240 1249 276 1290 ex
289 1228 371 1292 socio
386 1229 489 1314 didicit
501 1232 597 1293 varias
612 1244 689 1294 artes
705 1230 774 1314 qui-

81 1331 141 1390 bus
157 1331 278 1390 barbari
291 1333 449 1394 nonnullas
468 1334 523 1393 sibi
544 1333 775 1396 commoditates

82 1445 279 1516 comparant3
291 1437 446 1496 Robinson
452 1457 572 1518 quoque
582 1438 678 1520 inulta
688 1435 774 1496 illurn

83 1533 192 1594 docuit
205 1555 268 1616 quae
282 1533 415 1596 barbaris
429 1535 533 1596 latent.
547 1537 591 1596 lta
605 1536 637 1594 in
651 1535 713 1594 dies
724 1553 776 1614 pe,

83 1635 203 1696 ritiores
214 1635 282 1696 facti
290 1638 384 1696 multa
391 1637 495 1718 juncti
504 1639 596 1719 operi
604 1635 775 1712 confecere,

85 1761 153 1822 quae
164 1751 272 1800 neuter
283 1741 362 1802 solus
371 1741 520 1823 suscipere
527 1739 682 1824 potuisset.
693 1733 775 1803 Tum

86 1845 178 1904 ambo
211 1843 382 1905 intellexere
413 1856 526 1927 quanta
553 1863 590 1902 ex
615 1841 778 1909 hominum,

86 1949 184 2011 annet
210 1950 429 2034 conspiratione
453 1951 590 2011 oriantur
613 1949 775 2010 commode

88 2053 196 2136 quibus
216 2049 257 2112 illi
278 2065 433 2136 carerent,
458 2051 483 2112 si
502 2051 666 2112 bestiarum
687 2073 775 2114 more

86 2156 196 2238 singuli
232 2167 422 2238 vagarentur.
451 2155 591 2238 Inprimis
618 2155 777 2217 Vendredi

88 2275 186 2324 artem
195 2261 319 2324 callebat
330 2261 390 2342 qut
399 2271 502 2322 tenues
518 2261 682 2346 densasque
695 2261 776 2322 libro

89 2366 234 2450 stragulae
242 2377 376 2426 necteret
389 2365 508 2448 corpori
516 2365 670 2429 vestiendo
683 2365 778 2450 aptisa

89 2471 188 2532 simas.
215 2469 309 2549 Quod
329 2468 399 2530 cirm
421 2470 582 2531 Robinson
605 2490 641 2529 ex
666 2489 701 2529 eo
727 2466 776 2526 di-

92 2573 233 2654 dicisset,
257 2585 323 2638 tum
351 2571 394 2637 itti
420 2573 557 2640 certatim
580 2583 643 2638 tam
666 2569 775 2648 minitat
847 2572 851 2580 '

343 2675 346 2687 ,
481 2693 485 2702 ,
635 2674 655 2720 ,
