1968 3378
359 335 574 398 Cursorne.
776 361 814 420 79

27 449 29 540 l
167 459 324 536 Quantam
343 479 425 518 nunc
443 459 573 519 laetitiam
594 473 732 543 expertus
752 469 811 522 est!

119 562 251 620 Etenim
285 574 394 642 praeter
418 563 662 643 jucundissimam
689 564 815 622 istorum

27 713 29 724 ,
121 660 304 720 animalium
318 660 489 721 societatem
502 662 597 720 multa
608 662 664 720 alia
677 661 816 720 maxima-

122 783 188 842 que
210 765 370 824 commoda
387 763 457 821 inde
479 762 616 842 speravit.
641 761 815 840 Nequehoc

125 864 250 924 frustrd.
265 867 385 926 Poterat
399 864 558 944 aliquando
573 865 684 924 discere
698 867 756 945 qud
768 887 816 923 ar-

127 977 161 1024 te
173 987 208 1024 ex
223 987 329 1026 eorum
344 966 412 1024 land
427 977 541 1024 vestem
560 964 615 1024 sibi
635 965 812 1044 conficeret;

128 1081 249 1149 poterat
283 1090 388 1128 eorum
408 1069 483 1129 lacte
504 1067 602 1140 vesci,
622 1079 710 1148 atque
726 1069 815 1150 buty-

129 1191 197 1230 rum
209 1189 279 1229 cum
293 1188 377 1228 caseo
390 1155 460 1226 inde
472 1187 588 1250 parare

170 1273 238 1331 Una
260 1293 305 1330 res
327 1275 388 1353 ejus
404 1272 536 1332 felicitati
551 1271 662 1330 deerat
679 1271 814 1352 Optabat

130 1375 274 1434 nimirlrm
295 1385 328 1432 ut
349 1375 428 1434 intra
449 1397 543 1434 uuum
560 1387 590 1434 et
606 1369 745 1435 eumdem
758 1397 814 1456 pa-

116 1478 237 1536 ·rietem
262 1499 331 1538 cum
355 1497 443 1559 grege
467 1478 617 1538 carissimo
642 1477 813 1549 habitaret,
871 1525 873 1532 Α

114 1603 222 1661 ·quem
236 1599 354 1661 semper
374 1580 497 1640 haberet
516 1594 584 1640 ante
602 1581 703 1641 oculos
716 1595 815 1660 ,quo-

133 1682 186 1740 ties
201 1679 285 1740 dorni
297 1693 544 1740 commoraretur.
561 1683 636 1738 Rem
650 1681 749 1760 itaque
764 1679 815 1738 diu

130 1785 321 1862 multumque
335 1783 364 1840 iu
388 1783 487 1842 animo
508 1783 644 1842 versavit.
662 1781 813 1854 Tandem,

131 1886 201 1947 clun
216 1885 341 1944 minime
356 1885 465 1944 laboris
478 1885 611 1966 pigeret,
628 1885 730 1944 statuit
743 1884 815 1943 alte-

130 1979 196 2050 rain
208 1988 351 2049 domicilii
364 1999 482 2069 partem
496 1987 633 2066 diruere,
645 2010 813 2070 novamque

131 2093 319 2175 capaciorem
339 2103 508 2166 exstruere,
524 2092 582 2172 qud
595 2092 703 2152 atrium
717 2092 815 2174 ipsum

130 2191 350 2274 aliquantullrm
371 2191 610 2274 amplificaretur.
631 2193 673 2251 Ut
694 2206 812 2268 autem,

131 2298 207 2358 dum
220 2307 297 2356 esset
310 2295 342 2354 in
360 2296 437 2355 noval
455 2315 524 2378 sepe
546 2295 669 2356 serendi
687 2318 815 2378 occupa-

82 2433 86 2440 ·
129 2414 195 2476 tus,
217 2412 301 2468 tutus
319 2400 382 2482 ipse
400 2401 562 2481 habitaret,
576 2403 740 2486 prudenter
753 2417 815 2464 sta-

109 2559 112 2568 .
126 2506 187 2566 tuit
200 2516 335 2564 veterem
349 2525 410 2564 non
424 2504 506 2585 priirs
521 2506 644 2566 evellere
659 2509 748 2587 quim
762 2527 816 2564 uo·

125 2631 164 2669 va
176 2607 282 2670 fuisset
297 2605 448 2686 consecta3
461 2619 570 2688 'atque
583 2620 665 2668 tanta
680 2609 735 2667 suit
749 2611 816 2664 Ro-

122 2713 259 2774 busonis
286 2709 455 2791 assiduitas,
478 2722 559 2776 tanta
584 2709 759 2790 diligentia,
782 2717 815 2764 ut
