1982 3398
213 233 252 274 aa
456 211 652 270 Rosiusou

214 341 287 402 v'ero
307 342 409 424 pallidi
436 362 543 402 manus
576 352 728 425 torquere.
751 337 903 401 Nonnulli
933 325 934 328 Ἴ

215 457 292 507 stare
311 445 430 504 mutiet
447 441 633 526 stupentibus
653 442 771 503 similes.
798 441 901 504 Nemo

214 547 335 630 qubqne
347 548 425 608 inter
440 559 544 606 nautas
565 557 628 606 tam
642 544 754 607 ferreus
765 546 839 627 quin
852 547 901 606 his

215 653 379 736 conspectis
401 663 570 714 commotus
586 650 649 732 ipse
670 650 897 732 lacrymaretur.

255 757 335 818 Cbm
359 759 398 818 eis
421 755 564 839 paulatim
594 754 743 816 rediisset·
758 754 897 829 animus,

214 881 291 922 unus
312 862 444 922 narravit
464 861 536 942 quid
557 857 671 920 miseris
691 857 853 919 accidisset.

254 968 468 1029 Navisincensa
477 987 584 1048 magna
597 964 732 1046 quaedam
741 963 823 1024 navis
832 977 899 1026 erat

213 1068 390 1131 mercatoria
410 1069 614 1144 Francorum,
629 1089 694 1154 quae
716 1066 755 1126 ad
767 1067 896 1127 insulam

214 1175 419 1232 Martiniacum
430 1169 582 1230 tendebat.
599 1171 756 1230 Exarserat
770 1169 846 1253 ignis
862 1173 895 1232 in

214 1269 350 1332 cubiculo
365 1269 589 1350 gubernatoris,
603 1269 724 1330 llammd
734 1282 796 1329 tam
808 1271 895 1333 velo·

213 1373 287 1434 citer
301 1383 467 1454 grassante,
478 1383 513 1430 ut
526 1371 607 1432 nulla
614 1374 677 1454 ejus
687 1373 894 1456 extinguendas

213 1495 279 1559 spes
311 1475 438 1535 adforet.
470 1475 526 1536 Vix
547 1496 603 1558 per
635 1488 749 1558 tempas
786 1476 897 1538 licebat

213 1595 244 1635 se
276 1573 307 1634 iu
331 1573 452 1655 cymbas
479 1573 630 1657 recipere,
663 1577 749 1636 stab
774 1576 911 1665 incensa,

211 1700 287 1742 nave
310 1677 746 1760 paulnlbm-discedere,ci1m
772 1679 898 1744 flamma

209 1802 365 1868 cameram
377 1779 408 1841 in
429 1781 488 1862 qus
505 1780 602 1863 pulvis
623 1781 833 1842 tormentarius
846 1803 897 1843 se-

210 1887 327 1966 positus
350 1898 396 1950 est
418 1885 619 1968 corripiente,
643 1884 791 1967 discerpta
812 1886 897 1950 navis

214 1984 349 2046 dissiluit.

249 2107 893 2197 Dumhtecuarrarentur‚sedebatinaugulo

211 2213 372 2274 Robinson
387 2209 484 2282 silens,
500 2213 710 2297 pallidusque‚
725 2217 826 2279 similis
840 2219 897 2280 ho-

210 2315 285 2377 miui
305 2333 397 2395 quem
409 2313 556 2379 malefacti
569 2321 724 2382 remordet
741 2324 910 2384 conscien-.

209 2418 263 2480 tia.
285 2418 367 2479 bone
389 2416 490 2478 Deus!
506 2419 555 2478 ¹ait
575 2420 623 2480 ille
644 2443 761 2504 secum,
783 2427 807 2486 si
824 2449 897 2488 cum

210 2520 381 2584 hominibus
402 2522 458 2584 illis
484 2522 562 2584 inter
578 2548 653 2609 quos
675 2521 746 2590 sunt
760 2531 896 2613 profecto

207 2626 337 2709 quidam
360 2625 450 2712 loug'e
472 2630 564 2710 quim
585 2651 640 2713 ego
664 2633 804 2704 meliores
833 2648 896 2700 tam
