1962 3384
221 234 282 309 244
461 223 688 281 Rosiusou

218 364 266 413 ter
281 399 290 428 ‚
303 360 393 410 vento
408 345 543 428 quamvis
558 346 682 405 adverso
697 388 705 416 ‚
730 364 800 403 eam
815 345 905 405 remis

220 452 339 534 impulit
351 461 384 508 ut
394 449 548 509 Robinson
559 446 723 528 navigantis
738 469 866 508 cursum
877 448 907 506 iu

220 557 320 618 littore
332 554 458 637 pedibus
471 553 609 614 incedens
620 551 671 613 vix
680 565 824 634 sequar-et.

262 683 349 743 Brevi
359 684 396 743 ad
405 704 504 744 arcem
513 693 692 763 perventum
706 692 760 755 est,
770 680 802 739 in
815 702 910 761 quam

224 809 328 850 omnes
341 809 420 847 nunc
433 787 470 846 ab
484 785 566 846 omni
579 784 714 866 periculo
729 784 850 844 liberati
862 787 912 844 in-

226 893 317 974 gressi
341 903 418 950 sunt.
435 891 513 948 Tum
530 889 660 969 hospites
681 888 770 946 ambo
789 910 910 948 coenanr

225 996 374 1054 salubrem
387 1003 504 1075 parant.
520 993 559 1049 Et
570 991 649 1051 certe
661 990 816 1049 Robinson
831 991 910 1049 sub·

226 1097 312 1171 risit,
341 1096 410 1156 clun
434 1095 590 1177 cogitasset
606 1114 635 1154 se
654 1112 813 1175 personam
831 1094 911 1176 regis

226 1199 347 1258 referre.
362 1199 435 1258 Tuti
460 1197 569 1260 scilicet
588 1219 667 1256 nuuc
687 1195 787 1255 insulae
808 1197 910 1278 impe-

215 1301 353 1380 niutau
368 1311 472 1360 omnes
492 1303 555 1383 ejus
571 1299 680 1360 subditi
692 1300 786 1360 vitam
802 1299 841 1359 illi
855 1323 910 1361 ac-

228 1419 345 1488 ceptam
370 1404 481 1465 relerre
504 1407 675 1485 debebant,
697 1405 733 1464 ab
755 1405 819 1486 ejus
832 1409 911 1462 nutu

228 1506 383 1590 pendere,
406 1509 524 1588 atque,
550 1507 574 1566 si
600 1529 674 1588 opus
695 1515 794 1580 esset,
816 1504 910 1564 vitam

228 1613 324 1694 ipsam
338 1633 394 1693 pro
407 1610 530 1670 domino
542 1611 736 1691 profundere.
776 1631 779 1636 ·

207 1765 211 1776 .
270 1717 349 1776 cum
365 1713 498 1773 rediisset
512 1714 679 1787 Vendredi,
703 1715 743 1774 sic
762 1733 832 1772 eum
847 1719 912 1772 Ro-

229 1824 339 1884 binson
358 1819 518 1901 alloquitur
533 1845 540 1876 :
564 1819 675 1900 duplici
688 1819 809 1878 nomine
822 1819 913 1880 festus

230 1928 317 1987 nobis
328 1926 377 1987 hic
392 1925 453 1984 dics
465 1923 624 1984 habebitur
638 1950 647 2003 3
663 1935 728 1982 tum
741 1923 823 2004 qubd
838 1925 913 1984 duos

230 2031 367 2092 homines
383 2051 418 2088 ex
438 2029 569 2088 faucibus
590 2027 787 2087 barbarorum
802 2027 915 2110 eripui-

231 2153 322 2201 mus,
344 2143 410 2190 tum
431 2129 519 2212 qnbd·
533 2139 567 2186 tu
587 2129 667 2208 ipse,
685 2151 703 2186 0
725 2128 839 2198 amice,
862 2151 917 2210 pa·

230 2244 310 2288 trem
335 2243 423 2292 tuum
447 2232 592 2313 recepisti.
616 2230 799 2290 Lautissimis
824 2231 916 2312 igitur

233 2328 358 2411 dapibus
372 2331 462 2390 hodie
476 2351 609 2390 mensam
624 2329 816 2386 instruamus.

272 2437 353 2492 luter
374 2433 558 2512 epulandum
583 2430 714 2490 narravit
742 2431 916 2512 Hispanus,

233 2561 293 2620 quo
316 2535 376 2595 suto
400 2534 478 2592 iuter
499 2555 604 2593 manus
624 2534 823 2594 barbarorum
837 2533 916 2593 inci-

143 2641 146 2652 '
235 2642 334 2702 disset.
352 2637 429 2700 cum
442 2639 489 2697 ille
503 2661 552 2701 sen
564 2638 626 2700 fer'e
638 2658 753 2700 meuses
774 2637 853 2698 inter
866 2661 916 2698 eos
