1976 3366
346 350 566 410 :Cursorne
749 351 803 432 187

90 499 105 516 ·-
116 477 201 535 Deus
214 499 268 536 nos
281 477 356 535 benc
370 498 487 558 sperare
501 476 508 536 !
531 489 620 557 atque
635 497 704 535 eum
717 477 805 538 docet
828 555 834 564 Ἰ

117 581 804 662 undehancinspemadductussit.Tumambo

119 681 221 740 remos
231 681 330 740 denuo
341 681 488 764 arripiunt
500 703 575 762 quos
585 691 710 762 propter
722 679 805 740 infir-

120 782 258 840 mitatem
280 782 366 841 antei
377 783 563 864 ¹objecerint.
580 782 649 842 Jam
663 781 742 842 dulci
757 794 805 842 at·
836 790 838 794 ’

107 907 183 967 ·que
193 886 346 968 inopinate
359 888 459 948 salutis
473 907 523 969 spe
536 887 671 964 recreati,
683 886 713 944 vi
724 907 806 952 sum-

108 995 174 1050 mo
182 1002 212 1049 et
219 990 385 1050 incredibili
397 991 536 1050 adversim
546 991 804 1061 flumen'nitentes‚

121 1094 182 1154 laeti
212 1093 453 1153 animadvertunt
474 1093 607 1154 laborem
629 1089 717 1154 iuum
745 1118 807 1154 non
838 1103 840 1107 ’

122 1218 186 1258 esse
199 1196 328 1255 irritum.
340 1197 497 1256 Robinson
511 1198 562 1279 qui
581 1198 721 1258 diuturnt
740 1221 807 1258 ma-

123 1301 227 1360 lorum
247 1299 455 1360 exercitatione
476 1285 705 1362 didicerat-nihii
719 1302 809 1383 omit-

123 1417 213 1478 tere,
236 1415 361 1462 ventum
388 1425 507 1484 quoque
538 1427 618 1464 nunc
644 1405 809 1464 seeundum

126 1526 189 1566 esse
213 1505 434 1564 animadvertit.
460 1507 618 1586 Extemplo
635 1507 736 1566 velum
759 1529 811 1564 ex-

108 1607 250 1692 -pandit5
267 1605 410 1687 brevique
424 1618 489 1664 tum
499 1616 607 1678 vento‚'
617 1619 683 1665 tum
695 1606 754 1666 acri
768 1627 811 1664 re-

126 1711 221 1792 migio
236 1709 363 1791 impulsa
383 1711 415 1770 iu
428 1727 510 1767 mare
528 1707 723 1789 tranquillum
744 1730 810 1768 sca-

127 1810 191 1894 pha
206 1810 303 1868 delata
321 1819 374 1868 est.

174 1938 331 1998 Vendredt'
352 1958 414 2018 prae
442 1935 550 2018 gaudio
588 1933 682 1994 exsilit
713 1935 812 1994 domi-
873 1977 874 1982 κ

130 2061 206 2102 num
215 2038 414 2120 amplexuros.
429 2037 479 2098 llle
490 2034 563 2096 verb
576 2055 645 2094 eum
654 2035 769 2117 rogavit
779 2049 814 2096 ut

128 2143 259 2204 nimium
278 2141 382 2200 laetitiae
397 2141 544 2223 impetum
559 2140 711 2200 cohiberet
725 2165 735 2220 3
761 2163 813 2202 su-

130 2267 250 2331 peresse
272 2245 384 2327 aliquid
400 2244 549 2328 agendum
566 2257 595 2304 et
611 2245 669 2306 hoc
691 2247 813 2328 quidem

130 2372 194 2412 non
222 2348 395 2420 mediocre,
424 2349 520 2411 donec
550 2359 646 2410 essent
669 2350 705 2407 ab
731 2348 814 2408 omni

130 2451 267 2536 periculo
291 2448 358 2508 tuti.
386 2447 431 2514 Et
453 2469 545 2530 usque
568 2449 695 2508 enimin
720 2451 818 2508 altuni

131 2548 250 2610 devecti
265 2547 384 2607 fuerant
396 2558 429 2605 ut
443 2547 587 2622 insulam,
602 2570 657 2610 ceu
667 2559 814 2629 punctum

130 2651 253 2734 aliquod
264 2650 295 2710 in
310 2649 441 2710 extremi
451 2663 537 2734 parte
556 2663 725 2725 remotum,
746 2649 817 2708 obs.

128 2757 199 2822 cure
212 2754 428 2840 conspicerent.
