1968 3378
211 267 277 338 'nol
380 273 381 279 ’
444 263 659 324 'llosruson'

217 416 258 454 no
285 394 386 454 labore
416 395 528 456 calceos
548 392 703 476 primum,
723 403 792 454 tum
811 393 902 454 tibia-

218 496 257 557 lia
287 497 405 580 quoque
430 497 531 558 secuit.
558 497 633 574 Quae
661 495 731 556 clun
758 517 904 558 consuere

219 621 281 661 non
302 613 422 684 posset,
438 599 535 660 incisis
555 597 752 658 foraminibus
773 601 822 661 fila
842 610 906 658 tra-

190 773 192 777 ,
218 698 289 780 jecit
309 699 416 780 quibus
436 719 471 758 ea
490 698 567 758 circa
586 695 672 756 tibias
693 696 843 780 religaret.

262 801 307 861 Ex
320 802 376 884 alio
390 801 522 884 quodam
538 799 619 861 corio
638 821 729 862 curvo
747 801 905 882 rigidoque

191 974 192 979 ἵ
220 904 337 965 larvam
361 905 488 966 confecit
512 925 603 983 quam
631 901 747 964 duobus
774 901 907 985 perfodit

223 1007 417 1069 foraminibus
437 1026 493 1087 per
512 1027 577 1086 quae
589 1005 663 1066 acies
683 1005 841 1066 oculorum
852 1027 908 1087 pe-

223 1120 365 1179 netraret‚
375 1109 555 1190 tertiumque
570 1131 629 1189 quo
640 1109 776 1190 spiritum
787 1129 838 1170 ore
849 1109 909 1168 du·

225 1223 315 1274 ceret.

264 1325 373 1386 Statuit
387 1346 404 1384 a
418 1325 519 1386 labore
534 1327 657 1388 omnino
670 1349 732 1388 non
747 1327 908 1401 desistere,

226 1424 322 1482 donec
333 1424 455 1482 tandem
476 1426 608 1486 tunicam
621 1427 799 1505 braccasque
811 1446 829 1482 e
844 1425 912 1506 pel-

225 1523 302 1583 libus
324 1524 471 1586 Ismarum
491 1525 679 1606 perl'ecisset3
702 1538 732 1584 et
755 1525 834 1585 cent
862 1548 911 1586 res

183 1659 186 1667 λ
227 1642 291 1690 erat
315 1629 612 1712 maxime‘operosa:
641 1629 714 1711 quid
739 1641 839 1689 autem
866 1641 913 1690 est

228 1733 311 1814 quod
324 1731 385 1791 sine
399 1732 499 1792 labore
507 1732 641 1792 homines
652 1731 767 1813 assequi
778 1732 913 1814 possint?

227 1833 311 1894 Nihil
321 1833 394 1894 veri)
408 1846 470 1892 tam
487 1833 615 1892 arduum
630 1833 713 1912 quod
724 1855 785 1891 nou
798 1853 914 1914 expug-

228 1950 280 1997 net
291 1937 425 2018 pertinax
439 1936 533 1996 labor.
549 1937 717 1996 Robinsoni
729 1955 849 2015 quoque
863 1955 910 1994 res

230 2059 266 2096 ex
285 2039 464 2110 voto-cessit
475 2065 485 2119 3
509 2039 685 2120 quodcum
715 2039 796 2097 tanta
816 2038 914 2099 affecit

229 2139 349 2212 laetitia,
367 2154 478 2221 quanta
490 2142 588 2202 verbis
603 2141 728 2224 exprimi
737 2164 798 2200 uon
806 2142 910 2222 possit.

269 2243 338 2302 lam
367 2246 550 2302 Robinsonis
580 2245 697 2304 habitus
731 2244 914 2325 vestitusque

230 2343 300 2406 veris
326 2343 482 2426 singularis
501 2344 566 2405 fuit.
589 2349 616 2405 A
630 2347 724 2429 capite
749 2347 786 2405 ad
802 2347 914 2408 calcem

231 2443 355 2528 pellibus
381 2445 490 2506 villosis
526 2447 684 2528 horridus5
711 2449 801 2530 gladii
822 2449 913 2523 loco,

232 2547 327 2608 securi
351 2547 467 2630 lapidea
487 2552 618 2631 cinctus5
640 2552 763 2632 gerebat
783 2551 917 2611 humeris

231 2673 336 2739 peram
358 2655 561 2734 venatoriam,
584 2675 746 2738 arcumque
772 2677 843 2722 cum
859 2655 919 2736 fas«,
