1982 3398
323 241 537 303 Crtueorua.¹
735 250 773 328 57

2 416 4 433 .
75 391 118 430 ne
130 367 264 432 cocossae
277 362 347 428 iude
360 369 533 432 hausturus.
544 370 648 434 'Sucro
667 371 776 434 deinde

77 473 238 535 nralorum
252 473 414 534 citreorum
428 475 555 537 admisto
567 521 576 551 ,
587 481 696 559 potum
707 479 776 538 satis

79 599 209 638 suavem
233 589 264 636 et
286 577 456 640 recreandis
467 579 582 640 viribus
602 579 731 642 maxime
744 582 776 643 in

77 681 142 742 hoc
157 700 261 740 rerum
275 679 400 742 articulo
418 680 564 741 idoneum
577 680 632 742 sibi
646 683 783 764 paravit·

122 787 266 843 Attamen
288 783 383 844 carnis
405 805 474 843 assae
495 783 676 844 desiderium
694 807 775 846 non·

1 946 2 964 ¹
80 891 159 949 dum
173 889 223 946 ille
236 889 427 971 deposuerat.
441 887 577 948 Tandem
585 888 658 950 vero
670 889 777 949 Tarta-

81 1015 191 1053 rorum
202 992 375 1054 recordatus
388 1004 449 1067 est,
462 993 542 1076 'quos
557 993 693 1055 audierat
706 984 775 1055 car-

80 1119 156 1159 nem
182 1119 275 1178 quam
299 1095 457 1158 comedere
480 1097 601 1181 cupiant
626 1091 778 1181 ephippiis¹

83 1196 252 1278 subjectam
277 1195 367 1256 citato
394 1211 484 1258 cursu
509 1213 650 1279 coquere.
674 1197 779 1278 Atque·

82 1299 183 1373 allud,
206 1283 248 1362 ait
274 1320 400 1376 aecum,
434 1299 491 1362 alia
515 1300 631 1361 ratione
657 1299 779 1382 assequi

83 1425 209 1486 possum
215 1427 226 1487 5
246 1415 277 1463 et
295 1389 440 1466 coutinuis
460 1419 528 1464 rem
547 1415 664 1467 tentare
686 1421 779 1467 conss

84 1507 178 1569 lituu.

125 1631 189 1694 Nec
208 1654 294 1694 mora
304 1646 314 1708 ‚'
335 1635 410 1696 duos
430 1633 633 1718 lapidessatis
652 1627 728 1694 latos
745 1611 780 1690 ei

83 1734 170 1796 laevee
183 1735 288 1818 quaerit
300 1735 362 1817 ejus
384 1735 492 1797 similes
513 1755 550 1794 ex
570 1757 631 1816 quo
644 1725 776 1798 'securim

84 1835 265 1897 confecerat.
290 1835 369 1896 Tum
389 1824 446 1896 lios
467 1821 545 1896 i'u'ter
566 1831 664 1918 aliqud
679 1833 776 1894 carnis

84 1946 171 2018 parte
194 1932 399 2016 interpositi,
428 1928 614 2016 superiorem
644 1931 776 2015 lapidem

85 2039 220 2102 ludicull
233 2039 380 2124 perpetui>
392 2039 504 2102 tundit.
527 2039 620 2118 Quod
633 2038 703 2100 elim
724 2037 779 2098 ali-

87 2143 222 2226 quandiir
236 2145 370 2223 fecisset,
389 2144 463 2228 lapis
477 2144 653 2206 incalescere
673 2143 774 2226 coepit.

87 2249 133 2308 Εὸ
155 2249 264 2330 majori
290 2249 441 2322 alacritate
467 2247 515 2326 ille
541 2246 692 2327 tundere;
721 2267 778 2307 nec

89 2356 186 2436 elapsa
200 2363 245 2412 est
255 2353 331 2412 hora
344 2353 462 2414 turtum
473 2351 609 2424 dimidie,
624 2349 695 2412 ciem
707 2371 777 2412 earo

90 2471 118 2517 et
130 2459 249 2520 fervore
263 2457 367 2539 lapidis
383 2472 413 2519 et
433 2458 565 2542 repetitis
580 2457 688 2519 ictibus
701 2453 779 2517 adeb

90 2562 221 2623 emollita
238 2571 301 2638 est,
313 2573 348 2622 ut
365 2563 434 2624 satis
448 2563 599 2624 esculenta
612 2571 707 2634 esset,
722 2576 781 2619 nee

90 2667 139 2727 ille
145 2667 270 2751 quidem
280 2665 315 2725 el
324 2665 436 2751 saporis
449 2665 611 2740 suauitate,
630 2647 699 2744 qul‘
708 2679 778 2720 caro
