1962 3384
310 230 526 292 Gnosoros.
698 235 758 308 245

115 363 158 420 Ac
171 359 321 441 aliquantis
336 372 405 441 post
418 380 572 432 reversus,
592 360 759 440 interrogat

73 485 114 523 en
136 462 237 523 cibum
252 463 380 546 aliquem
395 463 473 545 patri
486 463 647 545 prebuerit
660 489 670 544 3
692 475 759 522 tum

73 566 270 649 respondenti
296 587 326 626 se
358 567 481 626 minime
506 567 604 626 adhuc
634 568 671 626 de
701 568 760 628 hoo

75 665 245 748 cogitasse,
279 669 437 726 Robinson
462 667 645 748 jentaculum
671 685 760 726 suom

73 770 133 852 ipsi
148 769 257 844 offert,
273 770 356 850 quod
375 769 426 830 hic
443 768 521 850 patri
535 769 666 828 tradidit.
681 769 761 828 Tum

73 872 202 956 repenti²
223 894 238 932 e
260 873 368 954 scaphb
379 873 516 955 prosiluit
534 917 543 946 ,
560 885 649 953 atque
662 871 704 930 ita
717 891 762 930 ce·
817 856 825 874 x

74 976 179 1036 leriter
193 973 344 1057 procurrit
357 986 389 1034 ut
402 977 463 1055 jam
476 985 558 1034 extra
568 985 764 1055 conspectum

76 1088 156 1138 esset
179 1074 261 1159 prids
281 1075 372 1156 quiem
393 1075 549 1135 Robinson
570 1096 640 1134 eum
663 1083 764 1155 posset

76 1184 274 1263 interrogare.
296 1177 377 1240 Mox
410 1192 511 1240 autem
538 1199 672 1256 reversus
700 1191 762 1266 est,

77 1309 173 1366 manu
186 1287 276 1345 altero
290 1306 413 1345 urceum
424 1307 507 1368 aquae
518 1285 662 1368 plenum,
673 1285 766 1360 altere

75 1410 189 1474 penem
210 1408 388 1468 caseumque
410 1400 523 1450 tenens.
552 1390 639 1450 Illum
665 1389 765 1470 patri,

78 1495 162 1554 hunc
176 1491 297 1552 domiuo
313 1493 440 1572 porrigit
455 1503 488 1549 ut
506 1493 688 1572 jentaculum
704 1514 764 1572 quo

77 1599 130 1659 ille
147 1617 176 1656 se
192 1596 419 1654 defraudaverat
434 1607 650 1675 compensaret.
671 1593 768 1652 Senex

79 1703 160 1784 aqud
174 1673 270 1782 gelido
284 1699 381 1760 subito
397 1709 545 1759 recreatus
568 1707 633 1775 est3
656 1695 767 1776 quippe

80 1803 136 1886 qui
157 1802 204 1862 siti
217 1799 399 1862 excruciatus
417 1800 447 1858 in
462 1821 497 1860 eo
513 1811 577 1858 erat
595 1811 629 1859 ot
645 1797 767 1880 prorsds

82 1908 238 1968 deficeret.

91 2047 95 2055 ·
124 2011 193 2072 dem
203 2011 356 2072 Robinson
368 2009 406 2068 ad
419 2007 587 2089 Hispanum
596 2004 625 2064 in
636 2004 769 2086 gramine

81 2128 270 2202 prostratum
287 2115 537 2194 languentesque
552 2131 582 2170 se
600 2109 771 2191 convertit5

82 2223 178 2284 istum
199 2238 318 2300 quoque
336 2239 353 2276 a
368 2215 447 2294 socio
468 2227 543 2296 potu
564 2214 690 2293 ciboque
704 2212 773 2271 reii-

86 2323 229 2387 ciendum
243 2320 368 2382 curavit.
387 2321 465 2378 Tum
479 2318 563 2381 illum
578 2317 773 2398 adse-‘epham

87 2425 212 2489 deducit
228 2426 258 2484 in
274 2445 364 2506 (poam
378 2434 527 2484 tormento
543 2442 680 2502 quoque,
698 2398 774 2480 sclo-

85 2531 165 2616 petis
192 2529 351 2612 spoliisque
373 2526 598 2610 interfectorum
619 2535 773 2586 oneratam

95 2641 124 2696 V
124 2635 254 2702 cudredi
273 2633 348 2692 saltu
363 2649 393 2690 se
409 2630 510 2707 dedit,
527 2641 649 2710 tamque
664 2623 775 2692 veloci-
