1968 3378
357 221 571 283 Censetur.
758 225 803 286 '8r

109 351 143 410 in
171 347 304 430 pueritia}
318 347 384 420 fui,
409 348 459 428 qui
480 349 617 409 omnibus
639 350 676 408 ad
696 349 809 410 doctri-

110 475 191 511 nam
213 450 393 531 adjumentis
420 451 461 509 uti
487 452 654 512 noluerim!
682 452 712 510 Si
734 451 808 510 mihi

110 550 228 610 melius
243 551 468 636 consuluisssem
481 596 488 623 ,
501 573 601 612 nonne
617 553 808 612 attendissem

114 654 160 712 ad
175 674 210 711 ea
223 674 289 732 quae
303 665 367 710 tum
381 653 492 724 oculis,
510 665 574 710 tum
591 654 711 712 auribus
735 653 807 712 meis

115 754 387 836 subjiciebantur?
409 754 437 810 Ο
460 753 483 811 si
504 753 577 811 mihi
598 774 806 835 repuerascere

21 916 22 929 χ
108 843 245 927 ¹liceret,
262 856 372 932 quant&
385 872 441 932 ego
464 854 554 924 eure,
578 853 729 913 adomnia
744 873 809 934 quae

117 959 283 1019 hominum
298 957 416 1017 solertia
436 969 466 1016 et
480 959 581 1019 labore
594 957 806 1041 perficiuntur,

124 1061 259 1120 animum
277 1061 486 1124 adverterem!

164 1188 320 1246 Robinson
333 1187 424 1268 igitur
437 1200 470 1246 ut
482 1201 617 1271 optatum
630 1191 720 1252 finem
733 1204 808 1252 esse·

125 1298 270 1367 queretur
296 1287 409 1345 nullam
430 1288 516 1348 aliam
538 1291 685 1352 rationem
708 1293 808 1363 vidit,

125 1389 216 1469 qu'am
239 1388 263 1447 si
284 1409 300 1445 e
321 1387 446 1448 nucibus
467 1392 528 1472 ejus
550 1393 705 1453 nonnullas
726 1415 809 1453 sere·
831 1381 837 1394 ’

126 1501 182 1548 ret.
212 1489 280 1548 Hoc
301 1508 372 1569 ergo
394 1488 488 1548 facere
510 1492 687 1562 constituit,
715 1514 810 1570 quan-

128 1591 218 1674 qunm
240 1591 298 1652 cibi
320 1591 394 1678 eden
416 1592 511 1650 suavis
534 1605 563 1649 et
585 1593 644 1658 rari
664 1595 811 1673 jacturam

126 1695 203 1776 aegre
217 1690 342 1755 sereb'ut.
358 1695 421 1782 Nec
433 1697 529 1755 multi>
541 1708 610 1776 post
621 1695 729 1774 magne
743 1716 812 1754 cum

125 1794 281 1876 voluptate
303 1794 489 1875 erumpentia
510 1793 645 1873 quaedam
675 1790 811 1850 animad-

125 1901 217 1959 vertit
238 1899 368 1976 semina,
382 1919 447 1979 quae
459 1896 606 1978 tepefacta
626 1915 737 1977 vapore
754 1897 812 1955 mi-

127 2026 197 2064 rum
217 2004 248 2063 in
270 2002 397 2061 modum
417 2001 623 2060 adoleverunt.

167 2083 263 2162 Lama
283 2112 381 2160 mater
400 2101 533 2182 pullique
562 2100 645 2160 brevi
675 2102 811 2166 eamdem

127 2206 392 2286 mansuetudinem
401 2206 558 2266 induerant
570 2209 627 2286 quet
640 2229 726 2268 canes
741 2230 812 2268 noe.

128 2316 169 2374 tri
188 2333 252 2373 esse
273 2311 379 2370 solent.
395 2311 456 2370 Hos
473 2309 573 2390 itaque
589 2311 679 2391 coepit
691 2311 729 2369 ad
742 2333 814 2372 utut

129 2441 198 2479 suos
213 2417 377 2498 adjungere
390 2457 397 2482 ,
416 2413 508 2493 iisque
521 2416 725 2493 jumentorum
745 2414 812 2472 loeo

129 2518 292 2583 commode
314 2517 377 2592 uti,
393 2517 507 2596 quoties
528 2517 638 2599 aliquid
658 2536 747 2598 grave
761 2523 833 2592 aut¹

130 2645 222 2706 supra
241 2622 319 2679 vires
340 2617 469 2681 heminis
489 2620 658 2692 vehendum
680 2627 754 2675 erat.
808 2667 813 2678 ,
