1968 3378
304 229 518 294 Cnusozus.
661 253 666 263 “
719 255 752 316 7¹

10 375 12 454 j
64 357 128 434 jam
161 351 394 414 mansuetissimi
415 353 530 435 generis
558 353 757 434 viderentur,

10 461 12 530 ζ
65 458 202 542 speravit
224 457 288 517 fore
308 468 343 516 ut
362 457 441 518 facili
454 460 575 542 negotio
595 461 755 521 nonnullos

10 543 12 618 ἶ
65 585 104 622 ex
118 563 154 624 iis
169 562 256 624 vivos
277 561 436 644 exciperet.
457 562 570 624 Statuit
589 564 758 624 funiculum

10 687 12 736 t
66 665 112 726 ita
124 677 228 748 aptare
242 675 277 724 ut
284 676 361 725 esset
372 687 430 746 pro
437 665 566 746 laqueo,
580 677 648 724 tum
658 677 759 726 autem

66 778 142 848 post
156 765 298 826 arborem
311 765 468 839 insidiari,
491 777 522 825 et
537 766 636 826 [arnse
650 765 756 848 capiti,

68 870 126 954 qui
137 870 254 952 primus
265 869 525 953 appropinquaret
536 915 545 944 ,
562 869 705 952 laqueum
718 869 761 929 in·

70 971 251 1052 jicerefflc
260 981 361 1030 mente
371 969 761 1032 funemsatiscrassumcon·

73 1084 198 1156 torquet
206 1096 216 1154 3
234 1085 322 1156 atque
336 1073 416 1134 intra
427 1073 541 1156 aliquot
552 1075 641 1136 horas
653 1085 762 1136 cuncta

74 1175 212 1238 confecta
224 1189 304 1238 sunt.
320 1176 400 1238 Tum
408 1199 472 1239 non
486 1179 578 1240 semel
590 1179 691 1240 omnia
705 1199 760 1240 ex-

75 1294 204 1363 pertus,
228 1280 305 1343 vidit
318 1300 381 1341 rem
401 1280 478 1342 bene
501 1282 578 1343 fore.

118 1389 360 1487 Quoniamvero
376 1410 458 1472 locus
471 1410 519 1470 ifle
530 1409 590 1493 qui
602 1411 702 1473 Lamae
723 1411 762 1473 ad

76 1535 190 1596 aquam
215 1513 357 1576 devenire
377 1514 521 1575 solebant·
534 1515 602 1575 satis
629 1526 762 1574 remotus

76 1629 171 1689 erat,
203 1637 258 1678 nec
291 1617 447 1680 constabat
471 1640 546 1679 num
580 1637 764 1700 unoquoque

78 1743 207 1806 vespere
230 1725 265 1787 εὸ
284 1727 405 1785 venturi
429 1737 547 1799 essent,
574 1745 606 1784 re
628 1724 667 1784 ad
687 1744 767 1784 cras-
803 1721 805 1726 ’

78 1829 179 1892 tinam
200 1828 280 1890 diem
302 1829 416 1910 dilate,
438 1829 560 1888 interim
596 1842 700 1890 caetera
727 1829 767 1888 ad

78 1933 141 1995 iter
162 1932 332 1994 faciendum
348 1932 511 1994 necessaria
536 1934 662 2014 paravit.
688 1933 767 1992 Tum

80 2049 202 2098 resecto
223 2037 379 2098 testudinis
393 2037 488 2098 frusto
508 2033 591 2118 quod
604 2048 634 2096 et
645 2057 768 2118 vesper·

80 2139 156 2200 tinae
167 2151 198 2199 et
205 2141 337 2203 crastinae
345 2161 435 2202 coenae
446 2139 612 2220 sufficeret,
622 2141 767 2222 reliquam

79 2255 206 2328 partem
218 2247 295 2327 aqua
306 2245 421 2305 marina
434 2244 577 2328 irrigavit.

127 2349 201 2427 Quo
215 2347 295 2409 sacto
315 2348 433 2410 foveam
454 2349 638 2410 mediocrem
650 2347 682 2408 in
705 2348 768 2410 solo

85 2453 189 2528 Μὴ,
209 2475 276 2536 quae
296 2454 352 2514 sibi
373 2457 412 2516 ad
431 2467 549 2538 tempus
571 2454 649 2515 cellae
673 2453 771 2526 vicem

85 2543 242 2644 Praestet&
248 2578 259 2636 5
270 2569 371 2648 atque
382 2557 413 2620 in
426 2559 462 2619 ea
477 2559 623 2622 concham
645 2555 773 2617 testudi-
