1968 3378
649 209 687 240 li

218 236 291 300 rod‘
455 243 689 308 Rorrnsou.

221 371 268 430 uui
282 369 409 434 maximi
423 346 586 433 occesseria
596 385 693 432 essent
703 419 711 450 ‚
723 393 818 458 prope
829 389 908 437 stru·

223 485 287 531 tum
300 473 399 554 pouit,
414 486 462 548 ut,
478 476 501 534 si
515 488 640 557 propter
654 478 715 536 vim
728 480 828 539 morbi
838 503 909 540 sur-

223 592 293 652 gere
306 595 367 632 non
381 585 480 657 posset
493 619 501 647 ,
513 575 637 637 haberet
647 587 747 639 tamen
759 601 820 661 quo
830 603 908 662 pau-

223 675 318 737 lulirm
337 677 557 759 sublevaretur5
580 679 632 741 sed
650 683 699 740 vix
719 683 812 742 valuit
829 707 910 746 non-

223 781 318 840 nullas
339 803 462 843 cocossae
486 783 612 843 conchas
633 805 716 865 aquae
739 785 842 866 plenas
861 810 911 848 as·

224 897 368 966 portare,
393 907 466 966 quas
491 890 572 968 juxta
590 897 715 950 stratum
738 890 907 955 collocarit.

224 987 303 1046 Tum
315 987 427 1069 aliquot
440 991 544 1049 tubera
557 990 630 1050 frixa
645 999 673 1050 et
687 1004 815 1072 quatuor
829 996 912 1057 mala

177 1092 179 1097 ’
223 1088 334 1156 citrea,
350 1109 413 1168 quae
429 1091 686 1171 reliquahabebat,
702 1094 832 1156 addidit:
846 1118 911 1178 quo

223 1188 315 1260 facto,
324 1176 471 1250 exhaustis
479 1195 589 1254 viribus
604 1196 634 1254 in
646 1197 721 1257 lecto
733 1197 909 1258 miserabili-

225 1305 272 1352 ter
290 1295 442 1375 recubuit;
457 1319 491 1358 ac
503 1297 587 1359 brevi
600 1300 675 1362 febri
688 1314 841 1386 correptus
851 1318 907 1364 est.

226 1397 407 1478 Quanquam
431 1401 557 1482 pellibus
583 1403 728 1464 lemarum
757 1427 787 1466 se
809 1419 912 1468 totum

225 1508 357 1572 texerat,
374 1521 390 1559 a
401 1501 511 1584 frigore
522 1517 621 1565 tamen
635 1527 665 1566 se
678 1507 835 1567 defendere
847 1531 911 1570 non

227 1605 336 1686 potuit.
359 1607 428 1684 Quo
451 1606 560 1689 frigore
575 1607 646 1668 duas
668 1608 731 1669 fer'e
751 1611 839 1672 horas
858 1635 911 1675 co-

226 1706 355 1766 horruit.
375 1707 452 1768 Tum
468 1722 553 1769 aestus
569 1721 630 1770 tam
652 1714 810 1788 vehemens
830 1715 912 1778 inse-

226 1812 496 1890 quitur‚utviscera
507 1815 624 1894 penitus
633 1821 911 1881 urerentur.Pectus

228 1910 333 1970 crebro
354 1913 523 1970 concutitur
534 1913 644 1992 pulsu,
672 1916 747 1975 sicut
759 1918 834 1978 solet
858 1943 912 1980 ce·

225 2014 348 2072 lerrimo
365 2037 452 2074 cursu
465 2017 678 2077 anhelantibus.
693 2019 788 2094 'fanta
808 2036 913 2086 autem

227 2115 288 2194 ejus
321 2115 505 2179 imbecillitas
527 2121 602 2194 fuit,
629 2134 663 2181 ut
690 2123 739 2183 vix
766 2127 914 2192 concham

227 2216 303 2295 aqud
326 2217 469 2296 repletam
492 2221 579 2280 labris
602 2223 761 2284 admovere
780 2228 911 2297 valeret,

227 2317 265 2375 ad
282 2318 482 2380 hauriendum
494 2325 648 2403 paululum.
666 2329 812 2388 humoris.
824 2333 913 2392 Jam-

227 2443 285 2504 que
303 2444 363 2482 nox
387 2425 494 2485 oborta
514 2442 586 2489 erat.
612 2434 804 2513 Qullquidem
824 2451 914 2502 nocte

227 2505 389 2585 tristiorem
400 2549 555 2612 nunquam
572 2535 620 2594 ille
635 2537 766 2618 degerat.

175 2689 180 2711 ,
262 2627 399 2694 ,Vicissim
423 2643 475 2694 aut
500 2636 609 2720 frigore
638 2644 838 2722 contremuit,
862 2658 915 2710 aut
