1982 3398
203 201 242 263 62
442 203 647 263 Rosiusou

203 327 268 386 lum
286 323 431 399 sublatis,
453 325 569 408 optimo
588 325 746 385 homiuum
767 323 887 407 parenti

205 430 313 513 gratias
326 430 404 513 egit,
420 431 471 513 qui
496 431 543 492 vel
553 431 630 490 iuter
644 427 773 488 maximi
798 427 890 487 terri-

204 529 888 615 bilescasusuostraesemperconsulitfelicitati.

245 639 325 698 Tum
354 637 426 698 verb
461 639 633 698 Robinsoni
649 634 791 717 suppetiit
810 634 890 716 iguis

207 757 297 817 quem
322 737 399 797 alere
413 738 496 798 haud
508 735 624 798 difficile
643 733 723 816 fuit5
742 755 798 795 nec
821 755 892 793 am-

206 840 284 923 plius
308 859 395 902 causa
418 841 555 914 suberat,
578 859 632 901 cur
657 839 695 898 de
708 837 775 900 vitae
796 837 894 900 salute
923 857 927 862 ·

207 945 240 1005 iu
261 945 377 1005 desert&
403 944 460 1006 hac
484 945 580 1004 insula
601 954 677 1004 esset
697 942 849 1004 sollicitus.

249 1069 374 1129 Venatio
385 1069 580 1150 inposterum
591 1069 681 1131 dilata
690 1069 895 1150 est,quoniam

209 1172 321 1256 placuit
342 1172 501 1234 utilitatem
514 1176 614 1237 statim
626 1196 663 1234 ex
681 1175 749 1258 igne
762 1185 869 1256 capere
883 1219 894 1249 ‚

206 1297 391 1358 carnemque
404 1296 479 1338 veru
493 1277 591 1338 adhuc
605 1277 722 1337 affixam
735 1295 893 1359 apparare.

209 1379 290 1440 Tum
305 1380 393 1460 coqui
407 1379 570 1440 ministerio
584 1379 701 1442 functus
713 1379 814 1462 iguem
822 1401 896 1440 mo-

211 1493 262 1565 sset
276 1503 430 1564 assamque
448 1481 551 1542 sedulb
564 1493 710 1542 versat...
734 1481 896 1564 Quamju-

211 1589 301 1652 vabat
338 1588 472 1650 flammas
495 1587 660 1665 micantes,
694 1588 897 1670 tremulasque

209 1692 343 1756 intueri!
368 1692 603 1755 Pretiosisimum
623 1691 703 1752 euim
725 1692 817 1753 divini
839 1715 898 1752 uu·

211 1799 300 1860 minis
315 1819 424 1860 munus
437 1797 538 1880 ignem
552 1816 569 1854 e
582 1795 720 1857 coelosibi
734 1796 898 1856 demissum

222 1913 444 1984 uterpretatus,
468 1901 659 1984 cogitansque
680 1911 803 1982 quantas
826 1901 898 1960 inde

213 2016 408 2085 percepturus
419 2018 495 2066 esset
505 2003 762 2087 utilitates,saepil1s
771 2018 898 2087 propter

214 2107 392 2170 memoriam
423 2109 580 2188 beneficii,
608 2109 709 2171 oculos
729 2107 761 2169 iu
787 2109 898 2170 coelum

213 2215 316 2265 scrut.

254 2327 334 2388 Tum
346 2327 418 2391 verb
431 2351 497 2392 rem
509 2353 602 2393 unam
614 2337 773 2396 Robinson
786 2335 901 2396 deside-

219 2443 326 2508 rauat,
342 2431 452 2494 scilicet
472 2435 513 2496 sal
525 2458 585 2518 quo
605 2459 725 2501 carnem
739 2438 876 2501 condiret
888 2467 899 2521 3

216 2534 347 2619 speravit
362 2546 461 2596 autem
480 2538 644 2619 aequoque
663 2561 804 2621 processu
822 2551 903 2602 tem·

150 2650 154 2658 '
215 2639 304 2724 poris·
327 2635 366 2702 id'
394 2641 545 2703 commodi
577 2663 669 2724 genus
695 2643 903 2705 inventurum·
