1968 3378
310 217 529 280 Crusoeus.
705 221 760 283 105

65 351 171 413 ciculo
203 349 404 431 sagittarum,
434 351 536 410 dextra
555 351 670 412 hastam
696 351 761 431 ipso

63 453 278 533 longiorem,
309 450 424 512 sinistre
455 453 617 512 umbellam
637 433 762 512 textam

62 552 235 614 viminibus
261 566 351 634 atque
376 555 450 616 foliis
474 577 599 616 cocossae
612 555 758 628 obsitam,

61 677 126 737 pro
159 655 241 736 pileo
270 655 398 734 denique
426 657 549 715 corbem
579 665 760 736 praeacutam

62 759 199 840 pellibus
213 759 315 820 setosis
336 758 450 840 pariter
462 769 583 818 tectam.
600 758 756 840 Cogitate,

63 885 192 944 quaeso,
225 862 317 943 qualis
345 873 481 943 aspectus
502 862 633 922 hominia
654 860 756 920 firerit.

62 963 175 1024 Risum
193 963 256 1045 ipse
268 987 333 1024 nou,
350 965 462 1038 tenuit,
478 962 547 1025 clm
567 985 655 1024 suum
676 963 756 1044 lym·

65 1066 203 1148 pharum
210 1069 241 1129 in
252 1069 371 1150 speculo
384 1068 459 1128 vidit
471 1067 673 1128 simulacrum.
743 1100 746 1106 ·

106 1173 173 1233 Huc
208 1192 310 1233 rerum
343 1174 373 1234 in
401 1173 572 1234 conditione
598 1175 753 1233 Robinson

64 1277 263 1354 conabatur,
277 1275 345 1338 oiim
360 1298 428 1336 casu
444 1278 575 1358 quodam
590 1277 751 1362 impeditus

64 1391 111 1439 est
131 1399 224 1461 quem
244 1381 305 1462 jam
321 1379 374 1440 diu
386 1393 533 1441 metuerat
539 1403 550 1460 3
565 1381 596 1439 in
608 1379 752 1441 morbum

65 1484 182 1546 incidit.

104 1588 150 1648 Ac
165 1585 267 1668 primb
289 1586 432 1648 stomachi
452 1587 614 1670 capitisque
638 1585 751 1645 dolori-

61 1692 119 1753 bus
139 1691 299 1764 affectum,
322 1703 352 1750 et
365 1691 502 1752 omnibus
520 1689 661 1751 membris
683 1688 750 1748 sati·

62 1806 168 1876 gotum
183 1814 215 1853 se
228 1795 335 1868 sensit,
351 1793 534 1874 demumque
551 1815 668 1853 summo
683 1790 749 1850 ani-

62 1900 106 1958 mi
130 1917 242 1978 augore
262 1907 292 1955 et
313 1896 442 1978 deliquio
463 1902 620 1976 oppressus
634 1895 664 1954 in
686 1905 748 1953 ter-

63 2026 127 2064 ram
136 2003 303 2065 collabitur.
314 2003 402 2064 Vocis
416 2022 519 2084 expers
531 2012 619 2082 etque
627 2001 727 2062 sensile
736 2005 753 2078 ,'

64 2107 164 2167 oculos
193 2107 223 2164 in
255 2105 364 2166 coelum
391 2105 502 2186 defigit.
533 2104 617 2164 Alme
644 2105 743 2168 Deus!

62 2207 298 2272 misereremei!
319 2209 388 2268 Haec
408 2208 470 2268 sola
491 2207 617 2268 subinde
635 2229 745 2290 magno

5 2319 7 2330 “
64 2335 129 2374 cum
144 2313 260 2394 gemitu
274 2310 409 2392 protulit.

96 2413 202 2494 Neque
224 2423 325 2470 tamen
347 2410 399 2470 diu
420 2422 545 2492 propter
566 2412 744 2474 anxietatem

62 2518 210 2602 quiescere
231 2514 339 2595 potuit.
367 2511 446 2575 Cirm
465 2515 612 2597 quidquid
631 2515 742 2576 virium

60 2628 212 2706 supererat
230 2616 417 2700 collegisset,
441 2637 475 2677 ea
496 2639 561 2699 quae
580 2619 619 2678 ad
638 2635 742 2680 curam
