1982 3398
213 159 251 217 3²
451 167 661 230 Roerrrsorr

212 299 358 382 ingenua
379 293 561 378 procubuit,
582 290 780 370 manibusque
800 289 904 350 subla·

211 401 268 476 tie,
294 398 430 482 lacrymis
452 395 609 486 pedasus,
631 396 697 454 Deo
718 415 775 475 pro
797 394 901 455 salutis

212 503 357 568 miraculo
386 500 492 585 gratiae
521 499 592 581 egit.
620 499 700 560 Ctm
726 499 799 559 verb
824 500 900 560 nihi}

212 617 321 690 praeter
332 605 471 676 arbusta,
488 613 539 662 aut
550 600 671 662 arbores
687 601 899 684 deprehende·

213 723 260 770 ret
273 755 281 782 ,
295 731 351 770 nec
363 709 420 768 ulle
433 706 555 789 vestigia
567 706 646 766 unde
658 705 822 788 intelligere
833 729 900 788 pos·

150 833 154 844 ¹
214 825 260 874 set
274 813 525 894 hancregr'onem
547 811 584 870 ab
605 809 777 870 hominibus
790 809 881 871 incoli
887 835 898 890 3

213 920 274 1001 jam
294 917 501 999 gravissimum
514 916 556 973 illi
574 915 733 976 videbatur
745 915 837 975 vitam
859 917 899 976 sic

214 1023 245 1082 in
273 1019 431 1081 solitudine
460 1019 578 1099 degere.
607 1019 696 1078 Venit
723 1019 842 1100 queque
868 1019 898 1079 in
979 1027 981 1036 ’

213 1135 347 1186 mentem
364 1142 425 1182 esse
447 1121 523 1182 forte
544 1125 683 1203 vagantes
697 1122 828 1194 belluas,
848 1138 899 1182 aut

213 1230 292 1291 seros
307 1227 443 1288 homines
451 1251 460 1306 3
477 1238 542 1285 tum
557 1226 653 1285 multd
669 1227 774 1306 majori
788 1227 899 1288 horro-

213 1350 247 1392 re
259 1329 412 1412 perculsus
428 1339 488 1388 est:
505 1327 604 1409 itaque
625 1327 758 1408 primdrn
776 1349 837 1408 prae
861 1329 899 1386 ti-

213 1429 299 1488 thore
312 1449 367 1487 nec
388 1439 465 1487 stare
487 1447 574 1486 ausus
589 1447 646 1488 nec
660 1429 820 1509 progredi,
841 1430 900 1489 cir·

215 1543 420 1615 cumspectare
442 1529 543 1590 omnia
564 1542 594 1588 et
611 1531 659 1589 vel
686 1532 811 1592 minimo
826 1525 901 1593 stre-

214 1639 282 1721 pitu
302 1655 506 1719 expavescere.
532 1634 591 1694 Sed
607 1658 679 1696 mox
699 1639 757 1718 qud
777 1637 901 1699 ardebat

212 1739 275 1801 sitis
291 1752 445 1820 torporem
459 1735 550 1795 istum
565 1737 708 1816 excussit5
725 1759 816 1819 quam
831 1737 901 1799 cdm

215 1839 325 1899 diutits
346 1839 472 1899 tolerare
494 1859 554 1896 non
576 1847 692 1916 posset,
715 1835 828 1894 fontem
850 1850 902 1896 aut

214 1944 315 2005 rivum
335 1944 476 2026 indagare
504 1939 611 2022 coepit,
631 1949 660 1997 et
680 1939 721 1998 sic
744 1939 902 2022 vestiganti

216 2045 477 2104 occurritmenans
485 2065 540 2125 per
548 2044 655 2102 herbas
664 2043 795 2120 rivulus3
811 2065 902 2125 quem

214 2142 264 2200 isse
277 2154 404 2212 secutus,
420 2141 534 2200 invenit
546 2143 659 2203 sontem
671 2143 902 2225 liquidissimum

217 2241 277 2326 quo‘
293 2243 377 2303 vald'e
393 2258 542 2305 recreatus
556 2260 610 2307 est.

234 2359 238 2368 Δ
256 2371 318 2432 Nee
331 2371 413 2431 illum
430 2369 520 2430 sames
536 2383 607 2434 tunc
618 2367 746 2437 rdaxim'e
764 2377 902 2459 urgebat.

217 2474 339 2556 Quippe
359 2475 406 2536 cui
427 2497 522 2555 angor
540 2487 696 2560 terrorque
709 2500 831 2540 omnem
845 2479 905 2542 cibi

217 2579 385 2683 appetitum
399 2592 580 2649 exemerent.
593 2581 653 2646 Sed
663 2597 751 2646 erant
765 2585 840 2647 ade'o
853 2606 908 2646 ex·
