<?xml version="1.0" encoding="UTF-8"?>
<!DOCTYPE html PUBLIC "-//W3C//DTD XHTML 1.0 Transitional//EN"
    "http://www.w3.org/TR/xhtml1/DTD/xhtml1-transitional.dtd">
<html xmlns="http://www.w3.org/1999/xhtml" xml:lang="en" lang="en">
 <head>
  <title>
</title>
<meta http-equiv="Content-Type" content="text/html;charset=utf-8" />
  <meta name='ocr-system' content='tesseract 3.04.00' />
  <meta name='ocr-capabilities' content='ocr_page ocr_carea ocr_par ocr_line ocrx_word'/>
</head>
<body>
  <div class='ocr_page' id='page_1' title='image "./robinsoncrusous00campgoog_0087.png"; bbox 0 0 1968 3378; ppageno 0'>
   <div class='ocr_carea' id='block_1_1' title="bbox 342 299 796 378">
    <p class='ocr_par' dir='ltr' id='par_1_1' title="bbox 342 299 796 378">
     <span class='ocr_line' id='line_1_1' title="bbox 342 299 796 378; baseline -0.009 -18"><span class='ocrx_word' id='word_1_1' title='bbox 342 299 556 360; x_wconf 78' lang='lat' dir='ltr'><strong>Cnosonns.</strong></span> <span class='ocrx_word' id='word_1_2' title='bbox 758 317 796 378; x_wconf 83' lang='lat'><strong>77</strong></span> 
     </span>
    </p>
   </div>
   <div class='ocr_carea' id='block_1_2' title="bbox 105 420 798 917">
    <p class='ocr_par' dir='ltr' id='par_1_2' title="bbox 105 420 798 917">
     <span class='ocr_line' id='line_1_2' title="bbox 109 420 796 503; baseline -0.001 -20"><span class='ocrx_word' id='word_1_3' title='bbox 109 421 261 484; x_wconf 84' lang='lat' dir='ltr'><strong>Recnbuit</strong></span> <span class='ocrx_word' id='word_1_4' title='bbox 283 421 337 486; x_wconf 89' lang='lat' dir='ltr'><strong>sub</strong></span> <span class='ocrx_word' id='word_1_5' title='bbox 360 421 490 496; x_wconf 82' lang='lat' dir='ltr'><strong>arbore,</strong></span> <span class='ocrx_word' id='word_1_6' title='bbox 511 420 618 482; x_wconf 83' lang='lat' dir='ltr'><strong>horam</strong></span> <span class='ocrx_word' id='word_1_7' title='bbox 638 431 796 503; x_wconf 77' lang='lat' dir='ltr'><strong>expectans</strong></span> 
     </span>
     <span class='ocr_line' id='line_1_3' title="bbox 108 511 798 610; baseline 0.001 -25"><span class='ocrx_word' id='word_1_8' title='bbox 108 530 169 610; x_wconf 59' lang='lat' dir='ltr'><strong>qui</strong></span> <span class='ocrx_word' id='word_1_9' title='bbox 183 527 319 588; x_wconf 80' lang='lat' dir='ltr'><strong>solebant</strong></span> <span class='ocrx_word' id='word_1_10' title='bbox 332 527 477 601; x_wconf 80' lang='lat' dir='ltr'><strong>transire,</strong></span> <span class='ocrx_word' id='word_1_11' title='bbox 501 537 590 607; x_wconf 83' lang='lat' dir='ltr'><strong>atque</strong></span> <span class='ocrx_word' id='word_1_12' title='bbox 603 511 798 587; x_wconf 66' lang='lat' dir='ltr'><strong>insuescas·</strong></span> 
     </span>
     <span class='ocr_line' id='line_1_4' title="bbox 107 624 794 708; baseline 0.003 -22"><span class='ocrx_word' id='word_1_13' title='bbox 107 649 147 686; x_wconf 89' lang='lat' dir='ltr'><strong>ne</strong></span> <span class='ocrx_word' id='word_1_14' title='bbox 162 629 226 707; x_wconf 64' lang='lat' dir='ltr'><strong>assu</strong></span> <span class='ocrx_word' id='word_1_15' title='bbox 241 638 272 687; x_wconf 87' lang='lat' dir='ltr'><strong>et</strong></span> <span class='ocrx_word' id='word_1_16' title='bbox 285 626 438 686; x_wconf 78' lang='lat' dir='ltr'>tuberibus</span> <span class='ocrx_word' id='word_1_17' title='bbox 454 625 589 708; x_wconf 79' lang='lat' dir='ltr'><strong>epulatus</strong></span> <span class='ocrx_word' id='word_1_18' title='bbox 602 637 667 702; x_wconf 79' lang='lat' dir='ltr'><strong>est3</strong></span> <span class='ocrx_word' id='word_1_19' title='bbox 685 624 794 706; x_wconf 83' lang='lat' dir='ltr'><strong>quibus</strong></span> 
     </span>
     <span class='ocr_line' id='line_1_5' title="bbox 105 730 793 812; baseline 0 -22"><span class='ocrx_word' id='word_1_20' title='bbox 105 733 254 811; x_wconf 85' lang='lat' dir='ltr'><strong>quidem,</strong></span> <span class='ocrx_word' id='word_1_21' title='bbox 278 730 380 792; x_wconf 78' lang='lat' dir='ltr'><strong>addito</strong></span> <span class='ocrx_word' id='word_1_22' title='bbox 405 732 484 807; x_wconf 85' lang='lat' dir='ltr'><strong>sale,</strong></span> <span class='ocrx_word' id='word_1_23' title='bbox 510 751 598 812; x_wconf 76' lang='lat' dir='ltr'><strong>sapor</strong></span> <span class='ocrx_word' id='word_1_24' title='bbox 621 751 702 790; x_wconf 88' lang='lat' dir='ltr'><strong>nunc</strong></span> <span class='ocrx_word' id='word_1_25' title='bbox 727 737 793 790; x_wconf 70' lang='lat' dir='ltr'><strong>erat</strong></span> 
     </span>
     <span class='ocr_line' id='line_1_6' title="bbox 106 833 386 917; baseline 0.004 -24"><span class='ocrx_word' id='word_1_26' title='bbox 106 833 197 916; x_wconf 61' lang='lat' dir='ltr'><strong>longo</strong></span> <span class='ocrx_word' id='word_1_27' title='bbox 209 834 386 917; x_wconf 83' lang='lat' dir='ltr'><strong>jucundior.</strong></span> 
     </span>
    </p>
   </div>
   <div class='ocr_carea' id='block_1_3' title="bbox 105 973 793 1159">
    <p class='ocr_par' dir='ltr' id='par_1_3' title="bbox 105 973 793 1159">
     <span class='ocr_line' id='line_1_7' title="bbox 149 973 793 1060; baseline 0.008 -26"><span class='ocrx_word' id='word_1_28' title='bbox 149 973 212 1034; x_wconf 91' lang='lat' dir='ltr'><strong>Sub</strong></span> <span class='ocrx_word' id='word_1_29' title='bbox 242 973 330 1034; x_wconf 81' lang='lat' dir='ltr'><strong>tinem</strong></span> <span class='ocrx_word' id='word_1_30' title='bbox 354 976 491 1060; x_wconf 85' lang='lat' dir='ltr'>prandii,</span> <span class='ocrx_word' id='word_1_31' title='bbox 507 998 574 1040; x_wconf 79' lang='lat' dir='ltr'><strong>ecco</strong></span> <span class='ocrx_word' id='word_1_32' title='bbox 586 973 678 1038; x_wconf 76' lang='lat' dir='ltr'><strong>lninss</strong></span> <span class='ocrx_word' id='word_1_33' title='bbox 690 999 793 1039; x_wconf 82' lang='lat' dir='ltr'><strong>accur·</strong></span> 
     </span>
     <span class='ocr_line' id='line_1_8' title="bbox 105 1073 792 1159; baseline 0.004 -26"><span class='ocrx_word' id='word_1_34' title='bbox 105 1085 205 1133; x_wconf 82' lang='lat' dir='ltr'><strong>rentes</strong></span> <span class='ocrx_word' id='word_1_35' title='bbox 225 1093 242 1132; x_wconf 81' lang='lat' dir='ltr'>e</span> <span class='ocrx_word' id='word_1_36' title='bbox 263 1073 427 1158; x_wconf 75' lang='lat' dir='ltr'><strong>longinquo</strong></span> <span class='ocrx_word' id='word_1_37' title='bbox 449 1077 602 1159; x_wconf 83' lang='lat' dir='ltr'><strong>prospicit.</strong></span> <span class='ocrx_word' id='word_1_38' title='bbox 627 1077 792 1138; x_wconf 79' lang='lat' dir='ltr'><strong>Confestim</strong></span> 
     </span>
    </p>
   </div>
   <div class='ocr_carea' id='block_1_4' title="bbox 97 1179 791 1467">
    <p class='ocr_par' dir='ltr' id='par_1_4' title="bbox 97 1179 791 1467">
     <span class='ocr_line' id='line_1_9' title="bbox 105 1179 791 1264; baseline 0.009 -28"><span class='ocrx_word' id='word_1_39' title='bbox 105 1180 264 1236; x_wconf 80' lang='lat' dir='ltr'><em>Robinson</em></span> <span class='ocrx_word' id='word_1_40' title='bbox 277 1189 355 1237; x_wconf 81' lang='lat' dir='ltr'><strong>stans</strong></span> <span class='ocrx_word' id='word_1_41' title='bbox 366 1179 396 1239; x_wconf 90' lang='lat' dir='ltr'><strong>in</strong></span> <span class='ocrx_word' id='word_1_42' title='bbox 405 1180 516 1241; x_wconf 85' lang='lat' dir='ltr'><strong>insidiis</strong></span> <span class='ocrx_word' id='word_1_43' title='bbox 529 1225 536 1253; x_wconf 92' lang='lat'>‚</span> <span class='ocrx_word' id='word_1_44' title='bbox 549 1194 685 1264; x_wconf 78' lang='lat' dir='ltr'><strong>expectat</strong></span> <span class='ocrx_word' id='word_1_45' title='bbox 695 1183 791 1242; x_wconf 83' lang='lat' dir='ltr'><strong>donec</strong></span> 
     </span>
     <span class='ocr_line' id='line_1_10' title="bbox 97 1277 791 1366; baseline 0.007 -31"><span class='ocrx_word' id='word_1_46' title='bbox 97 1277 410 1360; x_wconf 74' lang='lat' dir='ltr'><strong>¹appropinquarent5</strong></span> <span class='ocrx_word' id='word_1_47' title='bbox 438 1282 573 1342; x_wconf 88' lang='lat' dir='ltr'><strong>nonnulli</strong></span> <span class='ocrx_word' id='word_1_48' title='bbox 594 1286 655 1366; x_wconf 82' lang='lat' dir='ltr'><strong>jam</strong></span> <span class='ocrx_word' id='word_1_49' title='bbox 681 1295 791 1366; x_wconf 81' lang='lat' dir='ltr'><strong>praeto-</strong></span> 
     </span>
     <span class='ocr_line' id='line_1_11' title="bbox 104 1380 791 1467; baseline 0.012 -27"><span class='ocrx_word' id='word_1_50' title='bbox 104 1381 237 1454; x_wconf 71' lang='lat' dir='ltr'><strong>fierunt,</strong></span> <span class='ocrx_word' id='word_1_51' title='bbox 260 1380 311 1441; x_wconf 82' lang='lat' dir='ltr'><strong>sed</strong></span> <span class='ocrx_word' id='word_1_52' title='bbox 330 1394 424 1448; x_wconf 62' lang='lat' dir='ltr'><strong>,extra</strong></span> <span class='ocrx_word' id='word_1_53' title='bbox 451 1397 571 1467; x_wconf 87' lang='lat' dir='ltr'><strong>captum</strong></span> <span class='ocrx_word' id='word_1_54' title='bbox 579 1412 589 1466; x_wconf 76' lang='lat'>3</span> <span class='ocrx_word' id='word_1_55' title='bbox 618 1385 687 1448; x_wconf 80' lang='lat' dir='ltr'><strong>citm</strong></span> <span class='ocrx_word' id='word_1_56' title='bbox 720 1407 791 1448; x_wconf 82' lang='lat' dir='ltr'><strong>ecce</strong></span> 
     </span>
    </p>
   </div>
   <div class='ocr_carea' id='block_1_5' title="bbox 103 1485 883 1574">
    <p class='ocr_par' dir='ltr' id='par_1_5' title="bbox 103 1485 883 1574">
     <span class='ocr_line' id='line_1_12' title="bbox 103 1485 883 1574; baseline 0.013 -28"><span class='ocrx_word' id='word_1_57' title='bbox 103 1508 182 1546; x_wconf 86' lang='lat' dir='ltr'><strong>unns</strong></span> <span class='ocrx_word' id='word_1_58' title='bbox 206 1507 242 1546; x_wconf 82' lang='lat' dir='ltr'><strong>ex</strong></span> <span class='ocrx_word' id='word_1_59' title='bbox 260 1485 316 1546; x_wconf 89' lang='lat' dir='ltr'><strong>illis</strong></span> <span class='ocrx_word' id='word_1_60' title='bbox 338 1498 400 1546; x_wconf 83' lang='lat' dir='ltr'><strong>tam</strong></span> <span class='ocrx_word' id='word_1_61' title='bbox 418 1491 513 1572; x_wconf 67' lang='lat' dir='ltr'><strong>propo</strong></span> <span class='ocrx_word' id='word_1_62' title='bbox 536 1492 656 1552; x_wconf 82' lang='lat' dir='ltr'><strong>accessit</strong></span> <span class='ocrx_word' id='word_1_63' title='bbox 676 1506 709 1551; x_wconf 90' lang='lat' dir='ltr'><strong>ut</strong></span> <span class='ocrx_word' id='word_1_64' title='bbox 726 1496 789 1574; x_wconf 76' lang='lat' dir='ltr'><strong>ejus</strong></span> <span class='ocrx_word' id='word_1_65' title='bbox 881 1551 883 1556; x_wconf 85' lang='lat'><em>.</em></span> 
     </span>
    </p>
   </div>
   <div class='ocr_carea' id='block_1_6' title="bbox 103 1590 791 1766">
    <p class='ocr_par' dir='ltr' id='par_1_6' title="bbox 103 1590 791 1766">
     <span class='ocr_line' id='line_1_13' title="bbox 103 1590 790 1676; baseline 0.004 -26"><span class='ocrx_word' id='word_1_66' title='bbox 103 1591 181 1650; x_wconf 83' lang='lat' dir='ltr'><strong>collo</strong></span> <span class='ocrx_word' id='word_1_67' title='bbox 196 1590 335 1674; x_wconf 86' lang='lat' dir='ltr'><strong>laqueum</strong></span> <span class='ocrx_word' id='word_1_68' title='bbox 351 1591 494 1676; x_wconf 83' lang='lat' dir='ltr'><strong>injecerit.</strong></span> <span class='ocrx_word' id='word_1_69' title='bbox 516 1593 576 1671; x_wconf 86' lang='lat' dir='ltr'><strong>Qui</strong></span> <span class='ocrx_word' id='word_1_70' title='bbox 598 1595 668 1653; x_wconf 72' lang='lat' dir='ltr'><strong>cium</strong></span> <span class='ocrx_word' id='word_1_71' title='bbox 690 1595 790 1653; x_wconf 78' lang='lat' dir='ltr'><strong>balare</strong></span> 
     </span>
     <span class='ocr_line' id='line_1_14' title="bbox 103 1693 791 1766; baseline 0 -16"><span class='ocrx_word' id='word_1_72' title='bbox 103 1702 283 1764; x_wconf 80' lang='lat' dir='ltr'><strong>conaretur,</strong></span> <span class='ocrx_word' id='word_1_73' title='bbox 310 1695 480 1766; x_wconf 76' lang='lat' dir='ltr'><strong>Robinson,</strong></span> <span class='ocrx_word' id='word_1_74' title='bbox 502 1703 539 1750; x_wconf 86' lang='lat' dir='ltr'><strong>ne</strong></span> <span class='ocrx_word' id='word_1_75' title='bbox 553 1705 673 1752; x_wconf 85' lang='lat' dir='ltr'><strong>caeteros</strong></span> <span class='ocrx_word' id='word_1_76' title='bbox 690 1693 791 1750; x_wconf 77' lang='lat' dir='ltr'><strong>deter-</strong></span> 
     </span>
    </p>
   </div>
   <div class='ocr_carea' id='block_1_7' title="bbox 102 1789 790 1872">
    <p class='ocr_par' dir='ltr' id='par_1_7' title="bbox 1 1789 790 1872">
     <span class='ocr_line' id='line_1_15' title="bbox 102 1789 790 1872; baseline 0.003 -23.744"><span class='ocrx_word' id='word_1_77' title='bbox 102 1803 203 1862; x_wconf 86' lang='lat' dir='ltr'><strong>reret,</strong></span> <span class='ocrx_word' id='word_1_78' title='bbox 219 1789 359 1872; x_wconf 79' lang='lat' dir='ltr'><strong>laqu&#39;eum</strong></span> <span class='ocrx_word' id='word_1_79' title='bbox 370 1792 411 1851; x_wconf 81' lang='lat' dir='ltr'><strong>ita</strong></span> <span class='ocrx_word' id='word_1_80' title='bbox 421 1791 568 1852; x_wconf 79' lang='lat' dir='ltr'><strong>contraxit</strong></span> <span class='ocrx_word' id='word_1_81' title='bbox 581 1804 615 1850; x_wconf 91' lang='lat' dir='ltr'><strong>ut</strong></span> <span class='ocrx_word' id='word_1_82' title='bbox 625 1814 684 1850; x_wconf 80' lang='lat' dir='ltr'><strong>vox</strong></span> <span class='ocrx_word' id='word_1_83' title='bbox 695 1792 790 1850; x_wconf 82' lang='lat' dir='ltr'>haere-</span> 
     </span>
    </p>
   </div>
   <div class='ocr_carea' id='block_1_8' title="bbox 101 1890 790 2181">
    <p class='ocr_par' dir='ltr' id='par_1_8' title="bbox 101 1890 790 2181">
     <span class='ocr_line' id='line_1_16' title="bbox 101 1890 790 1956; baseline 0.003 -2"><span class='ocrx_word' id='word_1_84' title='bbox 101 1907 149 1954; x_wconf 81' lang='lat' dir='ltr'><strong>rot</strong></span> <span class='ocrx_word' id='word_1_85' title='bbox 158 1893 303 1955; x_wconf 85' lang='lat' dir='ltr'><strong>faucibus.</strong></span> <span class='ocrx_word' id='word_1_86' title='bbox 316 1895 396 1955; x_wconf 87' lang='lat' dir='ltr'><strong>Tum</strong></span> <span class='ocrx_word' id='word_1_87' title='bbox 407 1916 476 1952; x_wconf 89' lang='lat' dir='ltr'><strong>eum</strong></span> <span class='ocrx_word' id='word_1_88' title='bbox 488 1890 611 1952; x_wconf 77' lang='lat' dir='ltr'><strong>ce&#39;leriiss</strong></span> <span class='ocrx_word' id='word_1_89' title='bbox 622 1891 790 1956; x_wconf 70' lang='lat' dir='ltr'><strong>in‘dumeta</strong></span> 
     </span>
     <span class='ocr_line' id='line_1_17' title="bbox 102 1999 788 2082; baseline 0.006 -26"><span class='ocrx_word' id='word_1_90' title='bbox 102 1999 264 2082; x_wconf 65' lang='lat' dir='ltr'><strong>obseptum</strong></span> <span class='ocrx_word' id='word_1_91' title='bbox 279 2021 295 2058; x_wconf 85' lang='lat' dir='ltr'>e</span> <span class='ocrx_word' id='word_1_92' title='bbox 310 2009 471 2081; x_wconf 81' lang='lat' dir='ltr'><strong>conspectu</strong></span> <span class='ocrx_word' id='word_1_93' title='bbox 493 2009 667 2058; x_wconf 69' lang='lat' dir='ltr'><strong>cutenorum</strong></span> <span class='ocrx_word' id='word_1_94' title='bbox 687 2017 788 2060; x_wconf 83' lang='lat' dir='ltr'><strong>remo·</strong></span> 
     </span>
     <span class='ocr_line' id='line_1_18' title="bbox 102 2097 788 2181; baseline 0.006 -25"><span class='ocrx_word' id='word_1_95' title='bbox 102 2098 158 2156; x_wconf 82' lang='lat' dir='ltr'><strong>vit.</strong></span> <span class='ocrx_word' id='word_1_96' title='bbox 171 2099 267 2180; x_wconf 84' lang='lat' dir='ltr'><strong>Capta</strong></span> <span class='ocrx_word' id='word_1_97' title='bbox 276 2101 367 2159; x_wconf 79' lang='lat' dir='ltr'>Lama</span> <span class='ocrx_word' id='word_1_98' title='bbox 383 2099 513 2159; x_wconf 84' lang='lat' dir='ltr'><strong>duorum</strong></span> <span class='ocrx_word' id='word_1_99' title='bbox 527 2097 678 2181; x_wconf 86' lang='lat' dir='ltr'><strong>pullorum</strong></span> <span class='ocrx_word' id='word_1_100' title='bbox 692 2114 788 2160; x_wconf 81' lang='lat' dir='ltr'><strong>muter</strong></span> 
     </span>
    </p>
   </div>
   <div class='ocr_carea' id='block_1_9' title="bbox 1 2205 788 2290">
    <p class='ocr_par' dir='ltr' id='par_1_9' title="bbox 1 2205 788 2290">
     <span class='ocr_line' id='line_1_19' title="bbox 1 2205 788 2290; baseline 0.006 -27"><span class='ocrx_word' id='word_1_101' title='bbox 1 2241 5 2248; x_wconf 93' lang='lat'><em>·</em></span> <span class='ocrx_word' id='word_1_102' title='bbox 102 2215 179 2264; x_wconf 83' lang='lat' dir='ltr'><strong>erut.</strong></span> <span class='ocrx_word' id='word_1_103' title='bbox 196 2205 379 2288; x_wconf 82' lang='lat' dir='ltr'><strong>Quiquid&#39;em</strong></span> <span class='ocrx_word' id='word_1_104' title='bbox 391 2229 500 2290; x_wconf 81' lang='lat' dir='ltr'><strong>magno</strong></span> <span class='ocrx_word' id='word_1_105' title='bbox 515 2209 700 2267; x_wconf 81' lang='lat' dir='ltr'><strong>Robinsonis</strong></span> <span class='ocrx_word' id='word_1_106' title='bbox 714 2230 788 2289; x_wconf 79' lang='lat' dir='ltr'><strong>gou-</strong></span> 
     </span>
    </p>
   </div>
   <div class='ocr_carea' id='block_1_10' title="bbox 100 2307 787 2602">
    <p class='ocr_par' dir='ltr' id='par_1_10' title="bbox 100 2307 787 2602">
     <span class='ocr_line' id='line_1_20' title="bbox 102 2307 787 2392; baseline 0.006 -25"><span class='ocrx_word' id='word_1_107' title='bbox 102 2307 154 2368; x_wconf 89' lang='lat' dir='ltr'><strong>dio</strong></span> <span class='ocrx_word' id='word_1_108' title='bbox 175 2309 280 2368; x_wconf 80' lang='lat' dir='ltr'><strong>matris</strong></span> <span class='ocrx_word' id='word_1_109' title='bbox 293 2309 415 2392; x_wconf 75' lang='lat' dir='ltr'><strong>vestigia</strong></span> <span class='ocrx_word' id='word_1_110' title='bbox 428 2309 539 2384; x_wconf 87' lang='lat' dir='ltr'><strong>secuti,</strong></span> <span class='ocrx_word' id='word_1_111' title='bbox 560 2311 713 2371; x_wconf 84' lang='lat' dir='ltr'><strong>hominem</strong></span> <span class='ocrx_word' id='word_1_112' title='bbox 728 2311 787 2371; x_wconf 88' lang='lat' dir='ltr'><strong>mi-</strong></span> 
     </span>
     <span class='ocr_line' id='line_1_21' title="bbox 100 2413 787 2480; baseline 0.004 -6"><span class='ocrx_word' id='word_1_113' title='bbox 100 2413 185 2474; x_wconf 72' lang='lat' dir='ltr'><strong>nimi</strong></span> <span class='ocrx_word' id='word_1_114' title='bbox 194 2413 301 2474; x_wconf 83' lang='lat' dir='ltr'><strong>timere</strong></span> <span class='ocrx_word' id='word_1_115' title='bbox 310 2417 363 2474; x_wconf 88' lang='lat' dir='ltr'><strong>visi</strong></span> <span class='ocrx_word' id='word_1_116' title='bbox 377 2429 454 2477; x_wconf 88' lang='lat' dir='ltr'><strong>sunt.</strong></span> <span class='ocrx_word' id='word_1_117' title='bbox 467 2417 619 2480; x_wconf 81' lang='lat' dir='ltr'><strong>Dumiilos</strong></span> <span class='ocrx_word' id='word_1_118' title='bbox 633 2423 787 2479; x_wconf 79' lang='lat' dir='ltr'><strong>Robinson</strong></span> 
     </span>
     <span class='ocr_line' id='line_1_22' title="bbox 103 2512 785 2602; baseline 0.007 -30"><span class='ocrx_word' id='word_1_119' title='bbox 103 2513 278 2590; x_wconf 83' lang='lat' dir='ltr'><strong>demulcet,</strong></span> <span class='ocrx_word' id='word_1_120' title='bbox 309 2515 356 2576; x_wconf 86' lang='lat' dir='ltr'><strong>isti</strong></span> <span class='ocrx_word' id='word_1_121' title='bbox 383 2539 506 2578; x_wconf 83' lang='lat' dir='ltr'><strong>manum</strong></span> <span class='ocrx_word' id='word_1_122' title='bbox 532 2521 594 2602; x_wconf 70' lang='lat' dir='ltr'><strong>ejus</strong></span> <span class='ocrx_word' id='word_1_123' title='bbox 620 2512 785 2589; x_wconf 84' lang='lat' dir='ltr'><strong>ta‘mbunt,</strong></span> 
     </span>
    </p>
   </div>
   <div class='ocr_carea' id='block_1_11' title="bbox 71 2621 707 2766">
    <p class='ocr_par' dir='ltr' id='par_1_11' title="bbox 71 2621 707 2766">
     <span class='ocr_line' id='line_1_23' title="bbox 71 2621 700 2706; baseline -0.002 -23"><span class='ocrx_word' id='word_1_124' title='bbox 71 2667 75 2674; x_wconf 85' lang='lat'><em>-</em></span> <span class='ocrx_word' id='word_1_125' title='bbox 101 2621 188 2702; x_wconf 75' lang='lat' dir='ltr'><strong>quasi</strong></span> <span class='ocrx_word' id='word_1_126' title='bbox 203 2633 326 2706; x_wconf 76' lang='lat' dir='ltr'><strong>orarent</strong></span> <span class='ocrx_word' id='word_1_127' title='bbox 338 2633 371 2684; x_wconf 89' lang='lat' dir='ltr'><strong>ut</strong></span> <span class='ocrx_word' id='word_1_128' title='bbox 384 2635 511 2687; x_wconf 79' lang='lat' dir='ltr'><strong>matrem</strong></span> <span class='ocrx_word' id='word_1_129' title='bbox 525 2625 700 2688; x_wconf 82' lang='lat' dir='ltr'><strong>dimitteret.</strong></span> 
     </span>
     <span class='ocr_line' id='line_1_24' title="bbox 688 2723 707 2766; baseline 0 -2"><span class='ocrx_word' id='word_1_130' title='bbox 688 2723 707 2766; x_wconf 72' lang='lat' dir='ltr'><strong>tt</strong></span> 
     </span>
    </p>
   </div>
   <div class='ocr_carea' id='block_1_12' title="bbox 0 0 988 3378">
    <p class='ocr_par' dir='ltr' id='par_1_12' title="bbox 0 0 988 3378">
     <span class='ocr_line' id='line_1_25' title="bbox 0 0 988 3378; baseline 0 3"><span class='ocrx_word' id='word_1_131' title='bbox 0 0 988 3378; x_wconf 95' lang='lat' dir='ltr'><strong> </strong></span> 
     </span>
    </p>
   </div>
  </div>
 </body>
</html>
