1962 3384
352 245 562 312 Guusotuu
740 259 800 342 26,

113 367 206 432 ficiat.
228 367 309 434 Tau
331 369 423 431 altera
444 376 605 455 praefecto,
628 377 719 438 attera
742 402 799 462 gu-

113 474 269 536 bernatori
281 474 530 550 traditur,uuutis
544 480 623 538 iuter
636 493 798 564 utrumque

115 575 237 649 divisis,
266 577 425 660 cunctique
445 593 592 666 apparatu
615 583 721 644 bellico
738 586 800 646 ius-

113 681 207 741 eructi
219 678 285 742 vela
297 681 419 743 fuciunt.

154 813 311 872 Robinson
325 813 409 894 cujus
420 811 540 874 fortuna
548 835 583 874 ex
594 826 702 874 eventu
709 817 799 899 hujus

109 915 236 998 incoepti
247 915 399 998 pendebat
414 960 423 992 ‚
444 919 527 977 tanti
539 919 630 977 animi
641 919 799 1000 perturba·

110 1014 195 1080 tione
209 1007 465 1102 sollicitudineque
479 1022 658 1104 igitabatur,
672 1033 706 1081 ut
719 1036 797 1084 stare

108 1123 179 1185 loco
196 1123 347 1204 nesciret3
367 1147 447 1184 nuuc
465 1125 496 1184 irt
513 1125 653 1207 speluuct
672 1125 798 1200 sedere,

108 1248 193 1288 nuuc
208 1227 239 1286 in
250 1227 357 1288 collem
369 1229 529 1290 ascendere
547 1273 556 1301 ,
579 1241 609 1290 et
621 1231 689 1312 quia
705 1243 798 1292 noctu

109 1331 270 1392 oculorum
288 1331 420 1392 cessabat
434 1355 522 1410 usus,
537 1333 657 1394 auribus
676 1345 795 1416 captare

110 1435 138 1494 si
158 1433 234 1494 fort'e
255 1434 364 1516 aliquid
383 1457 399 1495 e
417 1457 492 1496 nave
512 1435 639 1496 audiret.
660 1437 800 1520 Augeba-

110 1551 163 1600 tur
182 1539 348 1601 sollicitudo
372 1540 574 1622 expectatione
594 1541 671 1618 sigui
686 1541 722 1600 de
738 1564 797 1622 quo

108 1644 191 1704 inter
209 1664 259 1704 eos
277 1653 466 1704 convenerat.
482 1639 603 1722 Triplex
620 1639 730 1700 scilicet
748 1665 798 1702 ex·

111 1748 207 1834 plosio
233 1747 372 1808 noudum
394 1746 496 1830 audita
515 1758 579 1807 erut
591 1791 601 1821 ,
622 1747 676 1806 etsi
700 1747 799 1806 medie

111 1866 202 1915 nocte
225 1854 396 1936 ingruente.

153 1961 194 2020 Et
205 1960 267 2041 jam
279 1979 344 2041 spes
359 1958 456 2018 omnis
471 1957 600 2030 abierat,
613 1955 683 2016 cum
697 1953 796 2014 subiti)

74 2086 80 2094 ·
112 2063 149 2124 fit
159 2061 272 2121 sonitus
289 2081 305 2119 e
326 2059 480 2142 longique.
497 2060 655 2149 Robiuson
674 2055 755 2137 quasi
782 2077 798 2116 e

112 2186 221 2226 somno
249 2160 385 2249 repeut‘e·
396 2164 561 2235 excitatus,
590 2179 675 2220 aures
700 2161 797 2241 erigit.

113 2267 257 2350 Sequitur
268 2269 361 2328 altera
376 2265 507 2347 explosit>
528 2275 558 2323 et
577 2263 685 2323 deinde
695 2263 796 2323 tertia.

41 2383 44 2388 '
112 2373 203 2435 Nunc
225 2351 341 2433 consiat
360 2392 467 2444 navem
488 2389 550 2429 esse
574 2381 797 2451 expugnatum,

114 2483 196 2538 nunc
210 2473 293 2534 certi)
315 2475 347 2533 in
372 2475 526 2556 Europam
539 2473 728 2555 profecturus
743 2480 795 2530 est.

114 2583 195 2645 'sitm
214 2599 316 2640 amens
339 2579 437 2640 laetitit
457 2578 614 2656 devolare,
635 2578 746 2637 socium
760 2573 799 2631 in

7 2682 15 2692 '
115 2683 250 2768 grmnine
272 2681 466 2744 recubantem
488 2667 628 2754 excitire,
643 2673 799 2757 amplecti,
