1982 3398
46 489 49 624 t

46 659 48 718 t

371 273 583 338 Cursorne.
782 281 821 344 55

132 401 192 462 ciat
200 445 211 476 ,
226 419 285 484 per
297 401 447 464 anfractus
461 404 622 466 descendat
635 409 821 502 precipites,

132 503 279 586 idemque
300 525 367 564 sara
385 507 478 567 ardua
500 521 530 568 et
556 510 626 592 ipsis
650 511 823 572 hominibus

46 635 48 658 ·
131 609 284 670 inaccessa
310 625 473 694 exsuperet.
501 614 705 692 Quatridunm
730 615 822 674 ferme

131 738 275 778 emensus
297 719 372 792 iter,
391 719 454 808 ipse
471 742 526 802 per
540 722 629 808 horas
652 737 781 804 quatuor
795 737 824 786 et

131 821 241 904 viginti
261 819 343 880 ultr'o
365 835 460 896 cessat
479 835 509 910 et
522 823 656 904 quiescit.
672 825 836 894 Placidum,

132 923 224 1006 ipsis,
238 923 312 982 mite
335 937 365 986 et
378 925 513 1006 prudens
540 905 714 1008 ingeniumj
731 929 825 1012 sicubi

46 1037 47 1042 ’
133 1028 295 1124 consistere
303 1028 435 1110 placuit,
452 1030 619 1098 flectereilli
631 1054 739 1122 genua,
753 1055 824 1122 cor-

132 1149 251 1210 pusque
284 1128 440 1188 demittere
464 1151 502 1190 ne
527 1155 601 1192 onus
633 1133 822 1206 dimoveant,

133 1227 484 1311 precaventes'Dcinde
507 1232 590 1292 sibilo
611 1233 722 1306 misso,
741 1235 823 1294 null&

132 1335 239 1405 mord,
254 1334 340 1394 caute
354 1333 518 1394 admodum
529 1318 698 1426 surgentes⁴‚'
709 1320 765 1400 iter
776 1335 824 1400 in'·

134 1433 825 1514 coeptnmperagere.Herbassutemintereun-

133 1537 209 1596 dum
231 1537 414 1620 depascunt,
428 1551 520 1598 noctu
534 1539 625 1600 etiam
641 1541 823 1601 dormientes

133 1644 290 1702 ruminant
303 1688 311 1716 ,
341 1665 439 1724 prono
449 1658 570 1724 pectore
583 1645 771 1733 pedibusque
785 1645 828 1704 ad

133 1758 274 1808 ventrem
287 1745 416 1806 reductis
425 1746 647 1806 decumbentes.
667 1747 826 1828 Originent

133 1852 249 1912 hahent
272 1870 309 1909 ex
331 1849 386 1910 ists
411 1849 554 1926 Americae
583 1849 704 1929 regione
736 1869 827 1928 quam

135 1951 265 2034 Hispani
285 1961 408 2026 tenent,
437 1945 563 2030 qiraeque
574 1949 737 2008 Peruvium
751 1947 827 2009 dici·-

135 2069 199 2117 tur.

179 2181 404 2252 Robinsonem,
419 2173 489 2236 etun
501 2171 638 2236 animalia
648 2171 704 2232 ists
715 2159 828 2258 appro-⁴

135 2285 285 2368 pinqnsre
309 2280 452 2356 vidisset,
479 2277 596 2340 incessit
623 2277 688 2336 dira
714 2277 825 2359 cupido
906 2274 910 2282 ’

137 2387 248 2449 edendi
256 2405 379 2448 carnem
393 2406 487 2446 assam
497 2380 824 2468 qudtandiircumerat.

135 2491 283 2555 Constitit
297 2501 367 2572 post
382 2488 520 2550 arborem
534 2485 630 2549 securi
643 2484 824 2553 instructus,

138 2619 261 2682 sperans
271 2594 347 2667 fore,
359 2593 528 2676 utaliquem
537 2589 660 2675 propiirs
670 2601 829 2654 transeun-
930 2653 936 2665 Ι

137 2713 200 2764 tem
222 2703 337 2765 lamam
358 2695 442 2760 tacite
466 2707 620 2759 sterneret.
644 2691 737 2772 Quod
750 2685 828 2768 bene

729 2797 746 2835 s
