1968 3378
215 183 256 258 84
457 183 655 267 βουικεοκ

213 307 273 390 qud
286 307 422 380 arbores,
436 308 495 386 qud
510 285 583 386 ipsae
596 303 777 384 dejiciuntur
789 322 882 384 rupes
898 322 910 350 ⁹

215 431 356 492 mareque
388 433 456 470 cum
488 407 609 468 fremitu
635 418 761 467 aestuans
781 408 815 467 in
835 410 909 468 imis

216 512 333 570 aedibus
353 508 559 570 conturbatur.
582 506 709 592 Dixisses
723 519 832 567 cuncta
855 509 909 568 in-

218 627 263 674 ter
272 635 302 673 se
313 611 439 695 praeliari
448 612 614 684 elementa,
629 620 718 689 atque
733 609 909 672 universam

217 737 320 776 rerum
341 728 479 774 naturam
500 713 531 772 iu
553 711 675 771 exitium
696 731 795 772 ruere.

260 821 418 879 Robinson
443 815 547 876 mortis
576 833 688 894 angore
715 827 909 896 correptuse

220 923 359 1003 spelunca
388 920 419 976 in
442 897 622 1008 vestibulum
646 915 785 996 prosilit3
807 919 911 998 prosi-

137 1018 149 1028 ’
219 1026 400 1102 lientemque
432 1019 564 1080 exterriti
595 1021 694 1078 Lamae
726 1034 907 1102 sequuntur.

219 1127 277 1189 Vix
291 1125 359 1184 inde
375 1125 568 1206 aufugerant,
591 1122 661 1183 cbm
681 1145 784 1184 saxum
797 1125 829 1182 in
845 1148 909 1207 quo

222 1229 362 1312 spelunca
382 1241 464 1298 erat,
490 1227 608 1286 ruinam
632 1227 725 1286 dedit,
749 1231 910 1290 Robinson

223 1333 271 1394 cui
285 1332 374 1396 timor
388 1331 453 1412 alas·
462 1330 618 1390 addiderat
628 1378 638 1408 ‚
650 1351 705 1411 per
717 1331 828 1391 ostium
841 1355 912 1393 ves-

224 1434 310 1512 tibuli
322 1453 352 1492 se
366 1432 532 1517 proripuit,
548 1433 647 1494 Lamis
666 1429 750 1493 anxib
769 1453 840 1493 eum
860 1437 916 1510 in-¹

225 1537 426 1622 sequentihus.

200 1657 206 1662 ⁸
234 1715 236 1720 .
265 1669 400 1729 Primdm
413 1679 590 1728 autemeam
603 1669 812 1750 petiitmontis
834 1671 912 1732 vici-

226 1774 258 1834 ni
270 1785 386 1856 partem
402 1773 461 1852 qud
477 1771 650 1832 excurrebat
661 1770 693 1831 in
708 1772 823 1831 nudam
844 1775 912 1856 pla-

226 1875 348 1946 nitiem,
369 1894 407 1932 ne
426 1873 581 1933 arboribus
601 1873 663 1953 ipse
683 1873 911 1935 concidentibus

228 1979 414 2036 obrueretur.
433 1975 502 2054 Quo
523 1976 665 2047 tendens,
689 1975 786 2050 subitb
797 1999 910 2060 magno

229 2097 298 2134 cum
322 2087 437 2136 terrore
464 2078 616 2158 ingentem
641 2079 757 2142 hiatum
783 2083 819 2140 ed
847 2083 912 2163 ipsa

228 2175 381 2235 mentitio
402 2189 486 2257 parte
499 2180 582 2239 videt
593 2182 672 2241 unde
685 2195 849 2263 erumpunt
863 2184 913 2242 fu-

229 2298 314 2348 mus,
329 2278 475 2355 flammae‚
489 2279 611 2357 favilla,
625 2284 736 2366 lapides
755 2308 825 2346 cum
842 2309 913 2352 ma-

230 2382 304 2442 terid
317 2382 456 2442 candenti
482 2405 572 2464 quam
598 2391 722 2451 Lanam
747 2391 911 2472 appellant.

229 2482 285 2556 Vir
308 2481 397 2540 etiam
412 2483 480 2566 fugi
499 2488 592 2546 morti
612 2509 642 2548 se
655 2489 782 2572 eripuit5
799 2491 912 2574 quippe

232 2589 306 2650 lavo
325 2586 472 2668 candens,
490 2590 630 2652 torrentis
651 2592 762 2668 instar,
782 2593 892 2654 ruebat
899 2621 910 2676 5

799 2715 913 2777 magna
