1976 3366
228 215 287 272 222
473 203 672 264 Ronmanis

230 334 326 398 multa
352 345 415 416 qnlae
435 355 490 392 nos
519 329 604 412 parvi
632 329 777 404 facimus,
805 330 929 414 utpote

231 465 337 505 eornm
364 439 522 522 penuriam
547 460 703 520 nunquam
729 441 875 520 experti,
897 459 929 496 ea
972 507 974 524 Ι

230 548 272 606 illi
283 544 440 628 permagni
453 543 629 602 aestimantes
645 543 853 619 abstulerunt·
878 543 928 603 ad·
972 545 973 550 ’

231 648 300 709 ditis
314 646 445 726 quinque
461 653 618 702 tormentis
632 641 743 700 bellicis
761 644 927 702 omnibns-

232 770 291 832 que
302 743 495 820 vferramentis
518 763 582 822 quae
603 741 731 800 inveniri
745 755 799 801 aut
816 768 835 803 e
851 761 928 802 nave

175 851 181 866 ⁸
232 848 346 909 extrahi
360 855 512 929 poterant.

273 976 413 1053 Quadam
425 975 471 1034 die
480 973 549 1034 ciim
562 975 592 1034 in
601 975 728 1034 insulam
743 977 923 1050 rediissent,

232 1075 362 1134 tenebris
384 1075 516 1148 obortis,
538 1078 689 1134 Robinson
711 1077 854 1158 lampade
875 1101 924 1137 ac·
972 1079 973 1092 ¹

234 1180 321 1238 censd
335 1179 444 1260 scripta
457 1180 488 1236 in
505 1200 580 1238 nave
596 1193 713 1260 reperta
725 1182 875 1264 perlegit,
891 1193 923 1238 ut

232 1279 302 1338 inde
318 1290 512 1358 cognosceret
524 1281 605 1360 cujus
621 1290 696 1338 esset
710 1280 760 1338 illa
773 1283 876 1352 navis,
892 1289 919 1338 et

233 1382 294 1464 qui>
316 1381 364 1440 illa
391 1383 573 1444 tetendisset.
599 1384 713 1444 Invenit
736 1397 840 1444 autem
860 1407 917 1444 non

171 1495 173 1510 ’
234 1487 296 1546 sine
321 1508 430 1567 magno
461 1485 564 1546 dolore
587 1529 595 1558 ,
623 1487 679 1546 ista
704 1507 845 1547 sermone
867 1485 917 1546 sibi

234 1592 338 1673 ignoto
348 1589 457 1670 scripta
472 1607 542 1646 esse.
554 1589 861 1669 Quantoperenunc‚
876 1602 917 1648 et-

235 1690 259 1749 si
273 1689 359 1748 nimis
372 1687 455 1762 seri),
478 1687 563 1746 illum
583 1688 741 1768 poenituit,
765 1691 849 1771 quod
867 1713 916 1750 va-

231 1795 293 1882 rias
305 1794 418 1874 linguas
433 1789 585 1850 addiscere
598 1793 628 1850 in
639 1792 768 1873 pueritid
780 1794 916 1876 neglexis-

236 1907 292 1955 set.
395 1881 398 1887 i

275 2003 343 2060 Hoc
370 1999 476 2058 itinere
496 1998 557 2078 jam
578 1997 736 2058 duodecies
763 2001 911 2074 confecto,

235 2100 305 2161 edm
320 2091 415 2162 essent
426 2105 457 2163 in
471 2125 545 2163 nave
561 2105 750 2164 exonerandd
762 2105 909 2190 occupati,

235 2215 444 2284 tempestatem
463 2206 534 2267 oriri
554 2208 806 2268 animadvertunt.
826 2208 912 2290 igitur

235 2303 293 2364 rati
325 2306 458 2386 praedam
483 2308 639 2390 imponere
671 2321 858 2390 properant,
884 2318 910 2365 et

234 2407 318 2494 prins
333 2407 414 2466 abire
428 2411 519 2490 quim
531 2413 645 2472 soeviret
653 2411 794 2494 procella.
803 2411 856 2472 Vix
864 2433 910 2470 au·
973 2477 974 2482 η

234 2523 298 2573 tem
319 2510 475 2572 dimidiam
497 2511 551 2574 viae
569 2528 687 2597 partem
709 2513 907 2586 confecerant,
972 2529 974 2532 ·

235 2611 305 2673 edm
325 2621 426 2673 exorta
448 2623 493 2673 est
511 2622 672 2696 tempestas
684 2612 777 2679 mixta
790 2611 910 2697 fulguris
