1962 3384
506 21 518 50 ἱ
596 43 601 52 ,

201 233 273 298 260·
450 233 636 294 llosruson

202 363 331 445 nuciam
341 370 439 421 resen
454 358 554 420 dubie.
571 358 689 420 Scilicet
700 359 888 445 Europaeos

203 465 410 528 eratnevicula
417 458 533 546 albique
542 463 717 525 hominesin
724 467 887 528 elarmati.

202 569 438 652 Extemplbsocii
447 569 538 630 alium
546 567 655 628 collem
662 568 888 643 conscendunt,

203 672 331 734 certiora
344 673 445 732 visuri.
461 673 599 749 Quantus
617 668 689 730 verb
707 669 765 730 fuit
780 683 893 754 stupor

203 776 391 837 cernentium
411 795 520 834 narem
541 773 695 855 ingentem
708 773 890 854 Anglicem,
975 765 977 780 ’

203 878 235 938 in
249 877 387 937 anchoris
400 887 540 935 stantem.
625 915 632 921 -

152 974 163 990 ‘
243 981 324 1040 Tum
335 981 519 1039 Robinsonis
532 976 654 1036 animus
666 975 869 1040 admirellone
881 1007 890 1036 s

204 1097 287 1146 metu
303 1126 311 1156 ,
325 1083 424 1144 leticia
433 1083 562 1144 invicem
574 1081 797 1142 efficitur.·Hinc
808 1085 894 1144 enim

205 1184 315 1267 gaudet
326 1207 378 1268 spe
392 1185 576 1247 liberationis
590 1227 601 1264 ,
622 1185 692 1246 inde
705 1185 775 1246 verb
788 1195 893 1268 stupet

204 1287 371 1366 metuitque
386 1331 394 1360 ,
413 1286 495 1366 qubd
509 1309 572 1350 non
587 1289 680 1370 liquet
692 1310 751 1370 quo
764 1289 898 1348 consilio·

205 1387 286 1452 navis
305 1389 361 1448 ista
379 1389 439 1448 huc
459 1390 633 1472 appulisset:
644 1391 753 1472 *ltaque
775 1389 891 1454 veritus

205 1497 360 1580 nepiralae
379 1508 497 1571 essent,
519 1497 550 1558 in
571 1497 646 1559 colle
658 1498 814 1560 arboribus
826 1500 894 1559 viru

208 1602 354 1683 gultisque
368 1599 482 1661 consito
497 1621 527 1660 se
539 1601 710 1683 sociumque
721 1603 849 1662 collocat
862 1605 893 1662 in

207 1706 343 1788 speculis.
365 1704 438 1764 lude
456 1707 737 1788 cernunt'scaplaaru
749 1706 894 1767 undecim

155 1827 157 1832 ·
208 1807 379 1870 hominibus
401 1816 556 1866 oneratam
570 1806 608 1872 ad
623 1807 893 1888 littus—appellere,

209 1907 365 1989 exquibus
384 1918 452 1966 octo
466 1906 672 1978 armati-,tres
688 1907 794 1986 reliqui
811 1907 894 1967 iner-

208 2009 509 2092 marciacensem
532 2009 661 2090 quidem*
676 2010 723 2068 vix
743 2011 774 2068 iu
794 2010 896 2070 littore

210 2113 334 2193 expositi
347 2111 469 2174 vinculis
484 2109 573 2172 soluti
594 2123 673 2176 sunt.
688 2111 775 2170 *Unus
790 2133 825 2171 ex
840 2113 895 2172 illis

210 2211 447 2284 misericordiam
479 2223 664 2270 armatorum
699 2209 893 2292 implorabat.

210 2313 325 2394 lleliqui
334 2315 400 2388 ,duo
414 2315 550 2376 manibus
564 2315 686 2375 sublatis
699 2335 717 2372 a
733 2317 798 2376 Deo
813 2315 896 2375 anxi-

211 2417 286 2478 lium
305 2427 335 2476 el
353 2419 478 2498 salutern
494 2407 595 2499 petere
608 2402 797 2476 videbantur.
814 2419 896 2496 Qui·

191 2523 194 2530 ’
210 2523 267 2590 bus
283 2520 469 2602 conspectis,
489 2524 646 2582 Robinson
662 2522 856 2604 perturbatus
866 2533 900 2582 et

196 2646 321 2729 ,auceps
344 2620 458 2692 consilli
476 2625 567 2690 stetit.
590 2626 630 2692 At
648 2622 733 2690 breul
747 2645 811 2688 nou
833 2626 900 2688 siae
