1968 3378
315 241 529 304 Cnosonus·
719 245 760 326 95

73 385 234 449 nunquam
254 367 339 427 antei
352 379 528 430 tentaverat.
542 370 611 430 lam
624 370 676 428 diu
690 392 762 430 con-

72 470 176 528 silium
189 468 253 530 ollae
260 481 310 527 aut
318 469 461 550 lampadis
474 470 649 530 fabricendae
662 471 762 530 animo

72 575 242 654 agitaverat
251 573 373 652 ‚quibus
387 574 509 653 quidem
522 587 645 646 auctus,
659 574 689 632 in
699 593 762 632 me-

71 676 142 737 liori
159 677 229 737 sanie
245 677 416 738 conditione
438 691 619 736 versaretur.
639 680 759 756 ltaque,

1 768 3 776 ’
71 782 214 862 quamvis
225 781 342 862 plueret
354 823 363 854 ,
377 791 489 838 terram
502 781 687 862 argillaceam
700 793 763 840 stu-

71 885 161 946 diost
182 885 382 966 conquisivit,
405 905 541 966 opusque
562 907 645 946 orsus
666 899 720 944 est.

113 1000 333 1082 Quodquidem
354 1000 434 1061 certe
461 1023 523 1083 non
550 1001 649 1060 stetini
675 1002 702 1060 ei
727 1021 763 1062 ex

68 1111 147 1165 voto
162 1099 257 1160 cessit.
274 1100 388 1160 Iterlim
400 1099 569 1181 iternmqne
584 1100 761 1159 tentandum

67 1205 132 1265 'fuit
140 1231 150 1286 3
166 1203 236 1265 clim
248 1216 348 1265 autem
368 1204 441 1263 nihil
453 1204 577 1262 haberet
590 1205 620 1263 in
633 1225 693 1285 quo
710 1205 760 1262 lu-

69 1308 194 1369 sentite
208 1315 396 1381 versaretur‘,
412 1307 524 1388 placuit
537 1309 611 1389 opiis
624 1307 693 1367 licet
705 1307 761 1366 ab·

69 1411 226 1485 solutum,
250 1411 365 1492 quoties
379 1411 558 1472 mendosum
573 1413 684 1492 aliquid
697 1411 762 1470 ani*-

71 1513 295 1585 madverteret,
325 1512 461 1593 frangere
482 1535 516 1572 ac
538 1513 636 1572 denuo
669 1512 762 1570 sabri-

74 1636 154 1676 care.
177 1616 226 1676 Sic
252 1615 343 1697 igitur
364 1616 425 1675 <lies
446 1617 605 1678 nonnullos
625 1626 710 1696 grato
730 1615 762 1674 in

70 1720 179 1781 labore
191 1719 353 1800 transegit,
370 1720 466 1780 donec
477 1721 601 1780 tandem
614 1719 704 1778 ollam
717 1718 763 1778 fic-

70 1824 161 1882 tilem
182 1843 253 1882 cum
274 1819 418 1902 lampade
436 1824 555 1904 penitis
578 1821 759 1884 absolvisset.

76 1927 161 2002 Quas
182 1944 245 1982 non
274 1923 380 2002 procul
401 1924 438 1982 ab
459 1924 527 2006 igne
554 1923 708 1984 collocavit
728 1933 763 1980 ut

73 2025 221 2108 ‘paulatim
231 2026 397 2084 arefierent.
411 2025 490 2084 Tum
503 2025 571 2085 alias
580 2025 669 2085 etiam
680 2025 762 2101 ollas,

77 2125 203 2187 cacabos
212 2126 471 2207 catinosquevarin
480 2127 671 2208 formlatque
679 2149 762 2209 mag·
782 2169 786 2174 -

77 2225 235 2308 gnitndine
258 2225 370 2306 fingere
388 2225 532 2308 instituit3
554 2239 642 2308 atque
664 2228 762 2285 utillo

78 2329 247 2412 plurimiim
268 2349 365 2411 operte
386 2331 417 2390 in
437 2331 482 2390 his
504 2333 617 2394 artibus
636 2333 762 2414 posuit,

80 2429 122 2489 ita
142 2429 304 2489 maximam
324 2431 475 2491 solertiam
495 2433 620 2514 adeptus
641 2445 695 2492 est.

121 2533 269 2613 Magnum
296 2551 370 2611 opus
391 2533 448 2591 suit
468 2556 501 2594 ac
526 2535 641 2597 difficile
665 2533 765 2595 fictilia

84 2661 153 2700 vasa
172 2638 311 2696 vinoilo
324 2639 515 2712 incrustare,
529 2649 563 2698 ut
574 2639 689 2718 liquore
700 2653 765 2694 non
