1976 3366
222 221 281 280 232
461 217 666 276 Ronrnsou

225 346 298 408 socii
315 357 433 428 patrem
451 343 663 404 arcessendum
686 343 790 404 denuo
805 365 920 426 paran-

223 449 268 508 doe
289 459 393 507 auctor
414 444 480 504 fuit.
508 445 578 521 Quo
600 444 724 516 audito,
758 445 919 504 Vendrenl
959 509 961 534 A

221 553 305 613 tanti
314 553 479 613 etiamnum
489 551 601 632 quantd
614 548 696 632 prilis
708 549 814 610 laetitit
827 551 917 610 affec-

221 667 293 726 tus,
314 666 432 736 gratum
457 671 528 732 erga
550 653 753 710 Robinsonem
774 651 915 710 animum
960 645 961 734 l

221 755 329 815 eodem
348 752 439 814 modo
462 751 633 812 deelarairit.
652 750 796 812 Proximo
819 753 915 832 igitur
960 747 961 756 ’

222 860 270 918 die
291 876 366 940 opus
399 856 575 916 inchoatum
600 867 668 928 est,
694 854 913 940 instructisque
960 839 961 842 Ἴ

220 961 334 1022 idoneis
349 958 500 1020 securibus
513 958 603 1040 longe
617 957 728 1018 felicius
741 976 789 1016 res
809 959 910 1018 cessit.

259 1067 316 1124 Die
330 1065 460 1146 quddam
478 1067 631 1152 Rodinson
649 1063 680 1122 in
693 1063 816 1145 negotio
829 1087 911 1146 quo-
960 1049 961 1054 ἵ

221 1169 291 1229 darn
302 1169 467 1229 domestico
478 1179 638 1250 occupatus
649 1167 762 1228 socium
771 1168 811 1226 ad
823 1168 908 1226 littus

218 1272 300 1332 misit
316 1283 351 1330 nt
365 1272 547 1332 testudinem
561 1283 705 1353 quaereret
718 1296 729 1352 3
755 1261 810 1330 diu
823 1272 906 1330 enim

219 1387 303 1460 grato
316 1375 376 1437 hoc
388 1377 457 1438 cibo
479 1389 647 1438 caruerant.
662 1377 712 1436 llle
725 1377 800 1438 vero
818 1375 905 1436 brevi

217 1482 327 1564 magni
351 1503 420 1542 cum
441 1481 628 1545 festinatione
643 1481 747 1550 rediit,
759 1481 904 1540 anhelans

218 1586 412 1666 pavitansque
439 1585 502 1652 lraec
525 1585 587 1646 sola
615 1584 750 1668 proferre
776 1583 901 1664 potuit:

218 1683 350 1744 adsunt!
367 1681 493 1743 adsunt!
515 1684 649 1745 Territus
660 1684 722 1767 ipse
743 1687 902 1762 Robinson

217 1785 383 1869 interrogat
409 1787 547 1868 quisnam
573 1785 674 1847 adsit!
698 1786 728 1846 Ο
750 1786 899 1848 domine!

216 1913 277 1953 una
287 1938 296 1966 ,
316 1892 407 1966 duae,
432 1904 510 1968 tres,
534 1913 584 1952 sex
601 1892 735 1974 scaphae:
756 1914 899 1954 numeros

216 1998 327 2058 scilicet
348 1998 426 2058 inter
439 2009 499 2058 tres
521 2009 552 2058 et
573 2017 644 2070 sex,
659 2009 784 2079 propter
808 1999 900 2058 animi

216 2100 410 2180 agitationem
428 2101 576 2162 reminisci
597 2123 660 2172 nou
678 2101 790 2182 potuit.

255 2206 412 2266 Robinson
420 2204 897 2288 quamvelocissimlecollemcona·

215 2309 325 2380 cendit,
341 2324 430 2393 atque
444 2336 505 2374 non
518 2313 580 2374 sine
597 2315 723 2374 horrore
744 2315 893 2396 agnoscit,

220 2414 377 2474 Vendredi
397 2439 458 2476 non
471 2418 631 2496 erravisse;
655 2430 744 2498 atque
763 2417 826 2500 ipse
840 2441 896 2478 nn-

213 2528 310 2577 merat
326 2537 376 2576 sex
397 2520 519 2601 scaphas
539 2519 671 2590 barbaris
683 2585 685 2592 ‚
696 2520 824 2600 repletas
845 2522 895 2602 qui

213 2621 361 2705 appellere
373 2621 466 2686 littori
473 2625 750 2688 enitebantur.Tum
762 2603 895 2696 celeriter
