1982 3398
367 172 577 238 Cnusorus.
771 178 808 240 51

124 320 219 382 quem
241 301 408 363 accuratius
438 303 654 386 explorandum
684 306 808 365 censuit.

123 401 221 462 Erant
251 402 353 462 herbae
382 413 445 462 tam
470 404 566 465 deusae
595 415 641 463 'ut
666 404 811 485 sylvulam

124 505 276 564 referrent
283 528 294 585 3
311 505 372 566 aliae
393 506 480 568 llores
494 505 658 568 subrubros
668 504 682 582 ,“
694 507 756 566 aliae
768 507 812 566 al-

123 605 261 667 bisontes
269 652 278 681 ,
310 609 459 670 nonnullae
490 609 600 670 florum
625 610 692 669 loco
721 631 814 690 poma

50 707 51 714 '
124 709 235 771 viridia
255 710 400 772 ferebant.
421 713 579 796 Extemplb
600 714 698 796 itaque
716 725 814 796 gustat

125 831 224 872 unum
247 833 283 872 ex
295 813 349 887 iis,
372 816 424 874 sed
444 828 509 875 erut
522 797 597 876 adeb
618 816 759 876 acerbum
780 827 814 874 ut

124 915 300 998 indignatus
317 919 441 1001 stirpem
462 918 542 978 uude
559 918 640 979 istud
658 920 815 1002 decerpse-

50 1019 52 1066 ἶ
125 1031 199 1094 rat,
220 1021 371 1082 evulserit.
395 1022 472 1082 Tum
493 1025 565 1085 verb
585 1025 705 1086 miranti
720 1047 815 1108 appa-

126 1137 258 1186 ruerunt
278 1126 433 1188 tubercula
457 1127 578 1189 diversa·
599 1127 814 1211 magnitudinis

126 1247 195 1308 quae
220 1227 258 1286 ab
283 1225 353 1309 ipsis
379 1227 515 1310 stirpium
529 1228 676 1290 radicibus
699 1219 815 1312 pende-

127 1329 213 1392 bant.
229 1330 397 1392 Confestim
411 1332 532 1414 quoque
548 1332 741 1407 existimavit,
758 1333 815 1394 ista
846 1402 853 1422 Ι

128 1431 202 1493 verb
215 1451 277 1497 esse
291 1432 399 1514 plantae
412 1431 494 1494 istius
507 1434 640 1511 fruetus,
654 1453 748 1512 eaque
763 1456 817 1494 cu-

130 1535 239 1597 riosits
261 1535 447 1598 considerare
469 1537 567 1620 coepit.
585 1536 665 1598 Cum
678 1537 750 1596 verb
767 1537 818 1617 ipe

129 1640 193 1702 aius
206 1641 306 1724 palato
320 1639 443 1700 minime
465 1641 608 1702 arrisisset
631 1663 738 1722 sapor,
757 1641 819 1721 jam

50 1735 55 1792 Ῐ
128 1745 163 1807 in
185 1758 303 1806 eberat
323 1758 358 1806 ut
376 1745 431 1806 ista
449 1745 549 1807 omnia
569 1745 728 1824 abjiceret,
749 1741 819 1801 clun

129 1871 235 1911 secum
247 1850 397 1931 reputavit
411 1894 419 1924 ,
434 1871 496 1908 non
509 1866 543 1905 ea
556 1833 618 1906 esse
631 1842 746 1923 inutilia
758 1865 820 1904 om·

129 1951 205 2013 uinb
215 1951 512 2034 habenda‚'quorum
526 1970 601 2041 usus
611 1947 710 2030 primo
720 1947 826 2050 statim¹

131 2067 256 2138 *aspectu
274 2055 398 2138 intelligi
418 2077 480 2115 non
502 2040 605 2136 possit.
623 2053 725 2134 ltaque
738 2076 819 2114 nou·

132 2160 222 2222 nullis
235 2159 390 2220 tuberibus
402 2159 433 2218 in
446 2179 551 2241 peram
563 2141 695 2219 demissis
710 2163 820 2220 Robin-

132 2287 190 2327 son
217 2257 336 2348 lougius
364 2263 574 2346 progreditur,
605 2263 687 2322 lento
702 2345 705 2348 ι
718 2275 819 2324 tamen

136 2369 233 2454 gradu
249 2379 280 2428 et
295 2367 423 2428 maximb
438 2381 535 2430 cauto.
552 2365 584 2428 Si
599 2365 647 2427 vel
660 2365 821 2426 minbnum

135 2476 296 2558 strepitum
311 2471 427 2532 audiret
441 2473 651 2546 dumetorum,
667 2481 718 2529 aut
732 2465 823 2530 arbo¹-

135 2601 205 2641 rum
226 2599 302 2661 quas
322 2597 394 2637 aura
408 2577 557 2658 agitabat,
578 2573 722 2638 contiuub
734 2593 822 2633 secu·
