1968 3378
208 255 262 296 rm
446 234 644 298 Rosiusou

205 364 292 446 repit.
314 363 359 422 lbi
374 362 441 422 solis
463 365 585 422 orientis
599 363 694 436 radii,
712 366 790 424 inter
809 367 900 426 frou-

104 481 106 489 “
205 465 257 524 des
284 467 449 526 vicinarum
476 467 616 525 arborum
642 469 788 542 nitentes,
809 472 898 530 vitali

207 587 276 627 eum
300 567 397 626 calore
421 576 564 626 recreant.
595 566 656 626 Sibi
681 570 763 647 qnasi
788 568 898 630 recens

206 677 293 727 natus
316 667 433 726 videtur
440 692 449 746 5
472 666 557 739 Deo,
578 666 645 726 vitae
665 667 740 726 fonti
753 670 898 749 ἑαυτοῦ,

207 771 314 852 gratias
329 772 389 850 agit.
402 769 483 850 quod
497 771 551 828 sibi
568 771 667 830 deuu'o
686 773 795 831 intueri
807 775 898 834 liceat

207 875 287 934 sidus
321 873 393 932 illud
429 873 663 955 pulcherrimum
698 874 900 958 mirandaque

208 979 316 1039 summi
334 999 433 1036 rerum
453 977 615 1038 conditoria
631 999 731 1060 opera.
746 979 833 1040 Nunc
845 1003 895 1042 as-

208 1081 281 1162 picit
306 1080 425 1138 coerutei
449 1081 515 1138 coeii
542 1081 788 1154 immensitatem,
812 1105 897 1144 nunc

208 1190 358 1238 recentem
370 1190 401 1238 et
416 1199 565 1239 ainoenam
577 1182 717 1240 arborum
732 1181 899 1242 fruticum·

209 1301 267 1363 qne
293 1301 360 1340 rore
388 1280 572 1340 madentium
590 1281 790 1358 viriditatem,
813 1307 896 1346 nunc

207 1372 300 1446 lamas
316 1385 416 1446 fideles
438 1385 487 1466 qui
507 1385 748 1458 circumstantes,
769 1385 898 1448 domino

208 1488 355 1564 blandiri,
389 1501 419 1550 et
453 1488 585 1574 laetitiam
614 1489 756 1550 videntur
777 1491 900 1576 ‘siguifi-

119 1615 121 1620 ’
211 1613 288 1656 ΕΒΓΘ.

227 1725 229 1732 ·
251 1694 324 1756 Mox
339 1705 439 1756 autem
459 1693 576 1755 favente
594 1715 662 1754 aere
682 1715 759 1776 puro
774 1705 804 1754 et
819 1696 897 1776 aqut

212 1797 320 1880 frigida
344 1800 417 1860 lacte
435 1797 625 1881 temperant,
644 1819 761 1860 necnon
782 1799 900 1880 placida

214 1906 321 1964 mentis
336 1903 492 1963 serenitate
504 1945 512 1975 ,
524 1901 642 1986 penitiu
657 1903 815 1962 convaluit.
831 1906 902 1965 Bre-¹

163 2007 165 2010 ’
211 1998 242 2068 ui
264 2031 381 2089 qnoque
398 2011 510 2070 viribus
522 2009 732 2092 recuperatis,
749 2009 787 2068 ad
809 2031 902 2093 opera

213 2109 348 2170 instituta
363 2133 392 2171 se
405 2113 516 2174 retulit.

196 2253 210 2274 ,ι
254 2213 321 2274 Hoc
334 2235 427 2274 unum
442 2227 514 2275 tunc
528 2217 555 2275 ei
574 2215 733 2277 molestum
751 2215 807 2276 fuit
820 2216 902 2298 quiid

214 2319 292 2398 ignis
307 2319 463 2378 exstinctus
477 2331 560 2379 esset.
576 2321 791 2380 Verumtamen
813 2343 902 2405 mag-

215 2424 255 2482 ud
268 2441 338 2483 curn
358 2422 448 2482 animi
475 2423 681 2484 moderatione
699 2425 781 2486 hunc
802 2447 903 2488 casum

218 2524 303 2598 tulit,
319 2544 374 2584 nec
386 2545 470 2607 spem
484 2523 607 2584 omnint>
622 2523 771 2602 amisit,si
780 2527 902 2608 quidem

218 2647 300 2688 nuuc
313 2637 448 2708 expertus
461 2637 525 2688 erat
537 2625 611 2689 nihil
621 2646 683 2686 esse
697 2647 751 2686 cur
761 2627 903 2692 adversus
