1968 3378
194 275 233 342 ὅσ
434 278 636 340 Rosiuson

196 431 287 496 opere
308 409 386 470 intra
406 431 516 493 paucos
533 409 593 470 dies
605 408 755 492 perfecto,
772 413 896 494 jucun-

195 512 316 573 dissime
334 510 426 570 trium
449 509 595 570 sodalium
616 509 755 572 societate
770 514 895 595 gaude-

194 625 250 676 ret.
477 627 478 631 ’

234 717 329 778 Lama
347 717 437 778 etiam
460 739 530 778 cum
551 715 639 798 pullis
660 715 793 778 societati
819 725 914 782 Ro·-

195 822 331 880 hc'nsom's
344 821 429 881 brevi
441 821 577 882 assuevit.
592 821 725 882 Domum
738 823 822 883 enim
834 846 888 886 re·

195 923 299 984 deunti
327 924 447 984 obviam
474 923 670 984 subsultautes
696 926 882 1004 veniebant,

194 1006 354 1100 odorantes
367 1049 405 1086 an
419 1026 495 1088 fort'e
517 1028 628 1110 aliquid
649 1029 823 1092 deliciarum
837 1046 886 1092 at-

194 1126 332 1203 tulisset,
357 1149 540 1209 manumque
575 1129 762 1209 lambentes,
796 1135 885 1214 quasi

195 1224 302 1305 gratias
316 1227 410 1286 acturi
423 1249 480 1308 pro
495 1229 629 1309 gramine
641 1243 693 1290 aut
706 1233 830 1294 surculis
842 1235 883 1294 ab

193 1327 259 1408 ipso
281 1329 420 1410 acceptis.

234 1429 314 1490 Tum
327 1433 414 1513 pullis
427 1435 571 1516 paulatim
585 1460 603 1496 a
619 1438 722 1499 matris
734 1440 809 1501 laete
824 1441 884 1502 de·

195 1532 353 1610 suefaetis,
379 1539 469 1622 coepit
491 1541 555 1623 ipse
581 1542 626 1602 bis
643 1544 777 1624 quotidie
796 1545 881 1607 illam

192 1639 346 1724 mulgere3
361 1645 551 1730 uasculorum
560 1647 657 1708 vicem
666 1648 882 1730 eipraestabant

192 1747 349 1829 putamina
369 1773 511 1826 cocossae,
535 1753 676 1836 lactisque
696 1779 765 1817 usus
784 1760 880 1820 modia

194 1850 312 1926 dulcis,
339 1855 431 1916 modis
457 1857 625 1939 coagulati,
641 1860 833 1922 soiitudinem
852 1863 880 1923 ei

192 1951 281 2037 long'e
301 1959 511 2039 jucundiorem
531 1959 610 2022 feeit.

158 2053 162 2060 ’
235 2057 314 2117 Cirm
327 2059 417 2121 arbor
430 2085 555 2124 cocossae
566 2075 612 2124 tot
626 2076 780 2149 tantasque
793 2070 879 2130 usiti-

193 2168 268 2216 tetes
291 2160 318 2216 ei
336 2165 503 2241 preberet,
524 2168 605 2229 illam
625 2193 791 2254 propagare
811 2198 880 2234 ma·

195 2258 327 2339 gnoper'e
364 2265 466 2344 cupiit.
502 2271 665 2347 Quomodb
693 2288 793 2336 autem
819 2278 878 2341 hoc

60 2421 66 2430 ,
109 2374 111 2378 ·
193 2360 324 2424 efficeret
339 2364 353 2424 2
371 2369 538 2431 Audirerat¹
554 2371 745 2459 illequidem
762 2382 879 2444 arbori-

194 2463 249 2526 bus
270 2468 400 2540 ramulos
417 2471 506 2532 inseri
527 2499 614 2558 posse
625 2505 635 2558 3
658 2505 812 2564 uunquam
831 2498 880 2546 ta-

194 2588 265 2631 men
289 2568 367 2633 hauc
390 2588 485 2636 artem
511 2579 683 2645 discendam
708 2599 876 2650 curaverat.

195 2669 278 2736 Tum
295 2674 398 2760 saepiirs
409 2677 569 2762 ingemuita
582 2685 667 2750 Eheu
679 2685 687 2748 l
698 2688 794 2770 ‘quim
804 2689 879 2754 levis
900 2675 902 2678 Ι
