1968 3378
250 183 289 246 92
490 161 687 222 Ronrnson

250 283 361 344 insidiis
381 282 510 344 hominis
531 283 654 364 cognitis
674 303 778 368 cerere
801 285 858 346 sibi
886 281 935 347 di-

251 389 395 448 dicerant.
414 386 505 446 Novis
525 385 617 466 igitur
631 379 848 448 utendum'iuit
861 391 935 450 arti·

162 523 169 532 ·
250 493 306 554 bus
317 493 423 579 quibus
447 490 510 550 illos
524 489 683 570 exciperet.
700 490 803 571 Neque
824 491 886 553 hoc
908 493 933 552 ei
950 489 952 496 ’

251 602 313 656 non
327 595 486 673 suecessit3
501 594 596 652 Tanta
621 593 732 675 ingenii
744 595 872 655 humani
890 597 932 658 ris

246 720 313 760 «esse
328 700 402 761 solet
419 700 458 760 ad
474 697 703 782 excogitandum
721 698 871 778 quidquid
883 719 931 758 va-

226 790 228 795 *
249 806 292 870 let
308 805 347 862 od
367 803 529 864 necessaria
548 801 603 862 sibi
615 802 839 884 comparanda!
863 802 933 862 nni-

250 906 453 966 mridverterat
469 903 622 964 ¹nirnirirm
654 905 760 964 Lomas
772 948 780 977 ,
815 905 930 986 quoties

251 1011 321 1070 euin
343 1011 381 1068 od
408 1010 521 1069 fontem
545 1009 787 1092 conspexissent,
814 1031 931 1092 semper

250 1092 403 1175 celerrimi>¹
425 1133 480 1196 per
502 1113 609 1174 collem
634 1113 794 1194 quemdem
820 1115 860 1174 ad
886 1136 931 1174 ar·
957 1151 961 1162 ·

246 1215 335 1276 hosta
349 1236 522 1298 properare.
544 1218 640 1296 Hujus
653 1215 733 1278 collis
747 1238 815 1298 pars
839 1216 930 1276 altera

250 1317 378 1380 dumetis
409 1320 524 1400 cincta3
553 1322 645 1380 altera
661 1333 760 1380 autem
780 1334 929 1402 praerupta

250 1422 379 1481 duarum
403 1419 463 1478 fere
490 1420 628 1479 ulnarum
658 1418 829 1494 altitudine,
850 1418 928 1480 unde

248 1523 331 1586 l'omae
345 1525 420 1586 saltu
435 1546 465 1584 se
478 1525 603 1608 dejicere
617 1524 760 1584 solebant.

288 1623 397 1692 Statuit
410 1630 500 1712 igitur
513 1629 629 1689 foveam
644 1629 730 1686 altam
747 1647 784 1687 eo
800 1627 866 1688 loco
885 1629 931 1688 fd·

249 1734 319 1792 dere
334 1733 364 1792 in
376 1737 434 1815 qud
446 1733 530 1791 lomae
544 1731 671 1810 desuper
683 1730 869 1810 prosilientes
881 1754 929 1792 ca·

247 1850 402 1918 perentur.
418 1837 535 1896 Labore
549 1854 668 1915 quoque
679 1833 825 1893 indefesso
850 1835 926 1895 intra

247 1962 357 2020 paucos
381 1942 442 2000 dies
463 1963 577 2000 norum
591 1939 736 2018 hocopus
758 1937 927 1997 confectum

247 2035 301 2098 est.
325 2041 403 2098 Turn
429 2041 547 2100 foveam
565 2041 699 2124 virgultis
712 2039 793 2098 texit.
808 2041 930 2100 Posterd

179 2167 184 2176 ·
247 2153 347 2201 autem
373 2139 420 2200 die
444 2143 624 2224 magnopere
648 2145 758 2203 laetatus
772 2155 835 2213 est,
858 2142 927 2204 edm

246 2245 307 2306 duo
329 2247 391 2327 ejus
407 2245 521 2325 generis
547 2245 684 2304 animalia
705 2245 735 2321 in
757 2265 824 2303 eam
848 2244 929 2305 desi-

244 2337 322 2409 liisse
330 2343 550 2409 ¹animadvertit.
562 2349 678 2426 Qnibus
689 2346 781 2429 captis
794 2391 801 2416 ‚
812 2359 928 2407 tantam
943 2335 947 2343 ¹

245 2451 348 2514 habuit
358 2451 452 2512 carnis
464 2453 582 2534 copiam
594 2497 601 2525 ,
612 2455 719 2533 quarite
728 2455 782 2530 pe'r
793 2451 927 2510 hiemem

245 2577 334 2638 quam
361 2553 451 2635 longa
483 2553 584 2629 foret,
619 2549 737 2616 abunde
764 2550 925 2616 sufficere.
